4700 5808
244 226 297 313 4⁸

245 399 390 472 ubertas
413 408 466 466 est
489 394 630 464 nomini
652 391 886 476 conveniens,
912 405 948 462 et
964 405 1165 474 aromatum
1184 415 1243 462 co-

246 502 328 594 pia,
354 512 389 568 et
404 493 592 570 hominum
608 496 820 580 dexteritas,
846 509 881 565 et
895 495 1090 568 liberalitas
1105 496 1143 566 in
1158 519 1242 564 con·
1266 453 1273 576 l

248 602 472 683 versatione,
499 599 739 670 contractibus
755 611 790 671 et
808 599 1065 690 negotiatione.

351 703 495 772 Tertius
529 702 692 792 trigonus
725 702 961 772 Geminorum
979 753 1000 782 „
1035 699 1172 768 'Librae
1208 709 1243 766 et

245 806 412 899 Aquarii.
460 802 501 874 lu
517 805 622 874 tertio
639 803 857 898 quadrante,
886 804 949 898 qui
969 816 1021 874 est
1043 805 1088 870 ad
1103 811 1242 891 septen-

248 910 403 980 trionem
421 908 709 998 magnaeAsiae,
734 915 818 976 sunt
831 907 1024 990 Armenia,
1049 903 1242 998 Hyrcania,

247 1011 430 1094 Matiana,
456 1007 854 1104 BactrianasCaspia,
884 1009 1024 1090 Serica,
1051 1005 1243 1088 Sarmatia,
1278 1104 1281 1110 A

246 1112 409 1198 Oxiana,
437 1112 637 1204 Sogdiana,
664 1124 896 1205 spectantque
912 1113 958 1180 ad
984 1124 1103 1180 ortum
1126 1108 1242 1180 solsti-

248 1216 392 1298 tialem,
433 1215 530 1286 iuxta
557 1216 662 1286 situm
693 1216 881 1284 universae
915 1227 1051 1298 terrae,
1091 1224 1126 1283 et
1157 1235 1242 1280 con·

244 1330 381 1410 gruunt
402 1321 448 1388 ad
471 1318 659 1409 trigonum·
676 1331 776 1388 ortus
801 1316 1015 1399 solstitialis,
1057 1314 1241 1396 Geminos,

245 1419 395 1490 Libram
415 1419 670 1513 etAquarium.
715 1419 904 1510 Reguntur
919 1431 1037 1490 autem
1054 1419 1240 1494 aSaturno

153 1535 154 1540 ’
247 1520 401 1606 etluve,
434 1524 554 1613 positu
575 1523 667 1595 Eoo.
727 1521 859 1596 Colunt
883 1521 992 1612 igitur
1014 1533 1136 1613 gentes
1160 1520 1241 1600 illae

245 1623 366 1696 Iovem
387 1637 422 1694 et
438 1625 654 1708 Saturnum,
688 1637 724 1692 et
738 1638 823 1696 sunt
842 1626 990 1707 divites,
1015 1625 1241 1716 splendentes

247 1752 350 1810 auro,
375 1726 462 1798 etin
476 1727 573 1798 victu
589 1728 763 1811 mundae,
791 1741 825 1798 et
839 1729 1037 1820 sapientiae
1051 1751 1239 1819 magorum

245 1820 444 1914 studiosae,
472 1829 603 1914 iustae,
629 1829 812 1914 liberales,
846 1829 1117 1923 magnanimae,
1143 1853 1241 1900 acres

162 1995 165 2002 .
246 1932 418 2001 vitiorum
438 1928 577 2016 hostes,
612 1946 772 2004 amantes
795 1947 1051 2025 cognatorum,
1085 1935 1176 2004 adeo
1202 1943 1242 2002 ut

245 2025 349 2104 tacite
365 2058 431 2125 pro
449 2037 499 2104 eis
516 2049 669 2106 mortem
694 2048 887 2126 oppetant,
921 2036 1054 2128 pietate
1077 2047 1140 2106 aut
1164 2034 1240 2126 glo·

245 2137 300 2208 ria
317 2137 426 2220 moti,
452 2150 587 2222 castae,
617 2137 774 2222 nitidae,
805 2139 844 2208 in
866 2139 995 2209 vestitu
1020 2138 1241 2231 splendidae,

244 2240 424 2310 beneficae
442 2252 478 2309 et
494 2240 649 2310 excelsae
668 2240 817 2325 animis,
843 2267 935 2334 quae
953 2242 1166 2335 plerumque
1192 2241 1240 2307 el-

245 2343 319 2412 licit
333 2341 539 2412 'matutinus
561 2343 697 2435 positus
714 2343 862 2413 Saturni
887 2357 922 2414 et
944 2341 1050 2414 lovis.
1109 2344 1164 2414 Ex
1180 2337 1241 2410 bis

246 2457 364 2514 antem
382 2444 558 2537 Hyrcani,
588 2447 754 2516 Armenii
781 2459 818 2516 et
839 2446 993 2517 Matiani
1016 2446 1129 2538 magis
1151 2446 1241 2516 rele-

245 2559 332 2618 runt
346 2560 516 2616 naturam
534 2547 772 2620 Geminorum
790 2561 826 2620 et
840 2548 1029 2620 Mercurii:
1058 2573 1170 2642 quare
1187 2547 1241 2618 iu·

246 2649 349 2742 genia
372 2645 506 2732 habent
529 2650 719 2720 mobiliora
745 2663 781 2720 ct
805 2652 924 2722 rninus
947 2653 1113 2722 candida.
1170 2651 1240 2720 Ba·

246 2751 424 2835 ctrianae,
464 2750 614 2841 Caspiae
640 2765 677 2820 et
695 2751 837 2822 Sericae
866 2766 988 2844 gentes
1016 2777 1036 2822 a
1066 2750 1175 2822 Libra
1205 2763 1240 2821 et

244 2852 386 2923 Venere
403 2864 591 2944 reguntur:
617 2866 700 2926 sunt
716 2854 824 2946 igitur
840 2856 985 2940 divites,
1020 2867 1056 2926 et
1078 2867 1240 2928 amantes

244 2955 401 3026 musicae
434 2969 469 3024 et
501 2955 723 3028 deliciarum.
790 2957 999 3044 Sarmatae,
1040 2957 1174 3030 Oxiani
1205 2969 1240 3028 et

243 3057 418 3149 Sogdiani
438 3058 639 3152 Aquarium
663 3074 697 3129 et
720 3059 915 3134 Saturnum
938 3063 1116 3132 referunt:
1157 3075 1240 3134 sunt

184 3161 187 3167 ’
243 3160 353 3252 igitur
366 3154 433 3230 hae
451 3174 572 3252 gentes
588 3158 808 3236 horridiores
822 3165 947 3256 magis,
974 3166 1120 3236 tetricae
1134 3177 1170 3236 et
1186 3165 1240 3235 in·

244 3265 371 3336 cultae.
425 3262 595 3335 Caeterae
612 3267 649 3335 in
667 3263 735 3336 boe
751 3269 972 3362 quadrante,
985 3293 1091 3363 ,quae
1105 3269 1150 3336 ad
1166 3295 1239 3338 me·

244 3366 343 3435 dium
361 3367 518 3436 universi
534 3367 630 3438 orbis
645 3373 829 3453 accedunt,
855 3367 1046 3463 Bithynia,
1069 3366 1240 3464 Phrygia,

245 3464 431 3550 Colchica,
457 3469 574 3562 Syria,
601 3469 817 3562 Comagene,
844 3473 1085 3564 Cappadocia,
1111 3471 1239 3565 Lydia,

244 3570 387 3654 Cilicia,
422 3568 654 3664 Pamphylia,
682 3587 882 3665 spectantes
905 3599 1070 3646 occasum
1093 3577 1239 3646 bruma·

242 3674 333 3755 lam,
361 3687 546 3764 assumunt
566 3690 733 3746 naturam
750 3677 918 3769 trianguli
936 3702 1079 3748 occasus
1094 3679 1243 3748 bruma.

241 3775 299 3858 lis,
326 3777 467 3856 Cancri,
494 3777 634 3868 Scorpii
650 3779 866 3862 etPisciurn;
894 3795 929 3850 et
943 3781 1049 3852 simul
1066 3795 1239 3871 reguntur

243 3903 262 3948 a
278 3879 416 3964 Marte,
452 3879 590 3950 Venere
616 3893 651 3951 et
664 3882 857 3952 Mercurio.
919 3884 1041 3975 Quare
1058 3897 1094 3952 et
1108 3880 1235 3954 harum

242 3983 431 4072 regionum
459 3978 623 4054 homines
649 3986 721 4056 lere
750 3987 882 4081 ubique
905 3987 1029 4056 colunt
1047 3986 1238 4072 Venerem,

244 4107 335 4178 quae
352 4087 438 4176 ipsis
455 4099 507 4156 cst
519 4100 634 4158 mater
647 4087 828 4173 Deorum,
863 4093 957 4184 apud
976 4090 1065 4160 alios
1080 4091 1157 4162 aliis
1176 4115 1237 4184 ap-

241 4187 372 4278 pellata
391 4189 615 4268 nominibus;
650 4204 685 4258 et
702 4191 876 4274 Martem,
910 4194 966 4263 cni
991 4194 1152 4264 tribuunt
1172 4220 1237 4262 uo·

241 4313 325 4358 men
340 4289 546 4374 Adonidos,
576 4293 767 4362 autetiam
791 4295 881 4364 alias
902 4296 1179 4387 appellationes,
1202 4309 1237 4366 et

240 4391 405 4481 lugubria
439 4393 488 4462 eis
520 4418 619 4462 sarra
656 4395 802 4466 faciunt.
862 4397 953 4466 Sunt
983 4410 1100 4467 autem
1132 4400 1236 4470 valde

241 4494 363 4587 pravi,
390 4495 553 4578 serviles,
580 4497 768 4580 laboriosi,
793 4499 915 4589 cupidi
929 4499 1101 4583 nocendi,
1125 4502 1237 4572 dediti

240 4597 483 4668 mercenariae
511 4599 678 4684 militiae,
711 4604 862 4692 praedas
883 4613 920 4672 et
942 4605 1082 4694 captiva
1101 4605 1235 4672 manci·

239 4698 299 4792 pia
319 4703 553 4782 abducentcs;
575 4717 747 4774 exercent
771 4716 805 4774 et
826 4705 919 4774 inter
938 4731 1014 4778 sese
1034 4706 1235 4791 latrocinia,

239 4803 351 4872 etalii
367 4804 456 4876 alios
470 4805 509 4874 in
523 4805 729 4876 servitutem
754 4806 940 4896 redigunt,
974 4822 1122 4900 propter
1139 4809 1236 4878 Mar·

239 4904 285 4976 tis
302 4917 339 4974 et
351 4905 501 4978 Veneris
517 4909 732 4980 matutinum
752 4933 978 4980 eorrcursum.
1030 4909 1123 5003 Quia
1147 4936 1233 4982 vero

121 5019 126 5034 '
194 5059 200 5066 .
239 5005 339 5078 Mars
363 5009 401 5078 in
422 5009 601 5100 triangulo
620 5009 771 5082 Veneris
794 5013 831 5080 in
856 5009 1077 5104 Capricorno
1102 5015 1234 5083 exalta-

239 5109 374 5178 tionem
394 5106 503 5183 hahet
517 5125 552 5181 et
566 5111 687 5186 Venus
711 5115 749 5186 in
766 5115 894 5185 Martis
917 5115 1096 5206 triangulo
1121 5115 1160 5186 iu
1174 5117 1234 5186 Pi-

137 5247 142 5255 =
237 5212 371 5284 scibas:
405 5213 486 5284 ideo
503 5215 668 5286 mulieres
685 5215 781 5288 iniis
796 5217 883 5288 locis
899 5217 1141 5286 valdeamant
1157 5243 1234 5288 ma·

236 5314 327 5386 ritos
349 5339 433 5387 suos
457 5330 494 5387 et
515 5317 668 5404 liberos,
710 5332 744 5389 et
775 5332 859 5390 sunt
879 5321 970 5390 fidae
994 5323 1158 5392 custodes
1179 5321 1234 5394 rei

822 218 946 332 auu..
979 217 1095 292 nen.
1126 215 1334 297 maura
1363 215 1703 295 autonomon

2229 224 2276 304 tt

1295 389 1506 482 morigerae.
1573 388 1621 462 Et
1645 390 1684 460 in
1705 385 1760 466 his
1784 385 1963 486 Phrygis,
1987 385 2180 486 Bithynia,
2204 396 2275 468 cot

1296 488 1394 562 chira
1423 493 1536 584 magis
1559 495 1721 566 retexunt
1740 508 1908 564 naturam
1938 493 2066 578 Cancri
2091 509 2128 571 ct
2150 496 2274 573 Lunae.

1292 592 1379 666 Ideo
1397 619 1526 688 magna
1544 609 1704 688 exparte
1722 595 1792 684 viri
1807 609 1891 684 susat
1914 597 2033 669 timidi
2053 610 2088 667 et
2106 601 2276 674 sarritut'u

1294 699 1488 788 patientem
1515 698 1681 768 mulieres
1708 721 1792 767 vero
1817 711 1967 791 propter
1983 699 2107 773 Lunae
2125 717 2275 779 exortum

1294 813 1330 870 et
1343 803 1538 872 masculum
1557 801 1728 892 positum,
1753 801 1887 885 viriles,
1903 803 2116 894 imperiosae
2133 805 2276 878 athella-

1294 903 1411 987 trices,
1432 918 1472 974 nt
1486 905 1707 986 Amazones,
1732 903 1907 994 fugientes
1922 905 2084 978 virorum
2101 922 2277 982 eonsuetu-

1293 1006 1435 1090 dinem,
1461 1007 1571 1076 armis
1587 1008 1800 1097 gaudentes,
1827 1019 1865 1087 et
1882 1008 1927 1076 ab
1951 1008 2102 1081 infantia
2125 1013 2279 1080 adsuefa-

1295 1109 1428 1180 cientes
1449 1111 1584 1200 puellas
1605 1109 1651 1176 ad
1674 1110 1787 1180 ollicia
1815 1109 1964 1201 propria
1987 1135 2091 1187 sexus
2119 1113 2279 1198 marium,

1294 1223 1330 1280 et
1346 1213 1590 1303 praecidentes
1616 1213 1759 1281 dextras
1781 1212 2016 1297 mammillas,
2049 1215 2159 1286 atad
2184 1239 2279 1306 prae-

1292 1315 1454 1387 liandum
1471 1316 1586 1406 magis
1600 1313 1751 1383 idoneae
1768 1313 1858 1396 sint,
1885 1337 2036 1408 eamque
2057 1329 2196 1407 partem
2218 1342 2280 1388 nu·

1293 1419 1439 1500 dantes,
1472 1430 1512 1487 ut
1541 1418 1731 1488 ostendant
1762 1440 1799 1486 se
1828 1439 1905 1484 non
1938 1419 2154 1496 feminarum
2185 1445 2279 1494 ruore

1294 1519 1427 1590 vivere.

1394 1620 1498 1715 Syria
1521 1643 1628 1704 vero,
1663 1619 1865 1710 Comagena
1892 1635 1928 1692 et
1952 1621 2180 1715 Cappadocia
2203 1649 2281 1696 con·

1292 1737 1427 1816 gruunt
1444 1747 1524 1797 cum
1543 1721 1693 1814 Scorpio
1712 1735 1747 1792 et
1761 1721 1890 1796 Marte.
1931 1724 2025 1798 Sunt
2038 1728 2147 1818 igitur
2162 1751 2282 1798 earum

1293 1827 1483 1918 regionum
1505 1821 1689 1905 homines,
1723 1829 1896 1910 audaces,
1928 1827 2109 1920 improbi,
2142 1830 2283 1900 insidia-

1293 1942 1408 2013 tores,
1434 1928 1617 2000 laboriosi.
1642 1954 1647 1963 ’
1670 1925 1764 2021 Lydi
1780 1953 1887 2012 vero,
1914 1929 2040 2004 Cilices
2054 1945 2090 2002 et
2105 1929 2283 2028 Pamphy·
2345 1935 2346 1946 ’

1292 2033 1332 2100 lii
1350 2035 1396 2104 ad
1411 2032 1529 2104 Pisces
1545 2043 1580 2102 et
1594 2030 1717 2102 lovem
1734 2031 1927 2122 pertinent.
1964 2035 2058 2107 Sunt
2071 2035 2182 2126 igitur
2196 2036 2284 2107 diri·

1293 2148 1366 2218 tes,
1401 2134 1584 2216 liberales,
1618 2134 1879 2226 negotiatores,
1919 2151 2082 2212 amantes
2112 2138 2283 2210 libertatis

1294 2251 1329 2308 et
1346 2240 1384 2308 in
1403 2237 1644 2308 contractibus
1660 2260 1736 2308 uon
1754 2238 1902 2309 morosi.

1394 2341 1604 2412 Postremus
1634 2342 1817 2435 quadrans
1847 2355 1900 2412 est
1922 2338 2079 2434 Libyae,
2118 2354 2159 2411 ut
2190 2367 2284 2412 com·

1293 2441 1396 2512 muni
1419 2443 1566 2514 nomine
1593 2443 1814 2536 appellatur,
1857 2445 2044 2514 continens
2065 2444 2287 2530 Numidiam,

1293 2541 1567 2640 Carthaginem,
1592 2547 1770 2628 Africam,
1795 2541 2039 2639 Phyzaniam,
2060 2547 2285 2620 Nasamoni-

1293 2647 1420 2734 tioam,
1453 2651 1711 2732 Garamantes,
1743 2647 1914 2734 Mauros,
1946 2649 2139 2735 Gaetulos,
2172 2652 2285 2724 bleta·

1292 2748 1470 2842 gonithas.
1528 2751 1645 2824 Huius
1660 2752 1871 2848 quadrantis
1883 2755 1972 2824 situs
1992 2764 2045 2824 est
2062 2754 2108 2824 ad
2122 2777 2286 2829 occasura

1292 2855 1512 2940 brumalem,
1539 2869 1574 2926 et
1588 2858 1697 2928 relect
1710 2869 1878 2928 naturam
1895 2859 2029 2950 trigoni
2044 2881 2188 2932 occasus
2202 2862 2288 2932 bru-

1291 2958 1417 3042 malis,
1442 2959 1575 3030 scilicet
1591 2961 1738 3044 Cancri,
1763 2960 1905 3053 Scorpii
1918 2975 1957 3034 et
1970 2961 2147 3046 Pactum,
2172 2976 2208 3034 et
2223 2989 2289 3056 gu-

1290 3062 1464 3133 bernatur
1495 3063 1658 3135 aMarte
1688 3077 1724 3135 et
1747 3063 1887 3136 Venere
1919 3065 2040 3158 positu
2070 3069 2289 3158 vespertino.

1292 3162 1414 3256 Quare
1434 3190 1541 3260 saepe
1560 3168 1598 3236 in
1622 3167 1692 3238 illis
1714 3167 1941 3258 regionibus,
1971 3181 2121 3261 propter
2139 3171 2289 3242 illorum

1291 3269 1448 3340 siderum
1465 3271 1750 3362 copulationem,
1771 3271 1879 3342 simul
1894 3274 1967 3344 duo
1983 3295 2134 3364 reguum
2151 3287 2292 3362 tenent,

1293 3371 1347 3438 vir
1364 3383 1399 3441 et
1413 3374 1562 3457 mulier,
1591 3388 1655 3444 aut
1669 3376 1779 3444 frater
1797 3387 1832 3444 et
1847 3398 1967 3446 soror:
1980 3390 2036 3446 -ut
2054 3376 2108 3446 vir
2126 3379 2292 3452 maribus

1291 3485 1327 3542 et
1352 3475 1483 3545 mulier
1508 3477 1718 3550 mulieribus
1742 3477 1912 3569 imperet,
1952 3491 1988 3548 et
2014 3479 2110 3549 idern
2139 3479 2177 3548 in
2208 3507 2292 3552 suc-

1291 3577 1509 3651 cessionibus
1532 3593 1705 3652 servetur.
1764 3580 1856 3650 Sunt
1883 3594 2004 3651 autem
2033 3582 2136 3652 valde
2167 3585 2292 3671 calidi,

1290 3694 1327 3750 et
1341 3683 1447 3771 proni
1464 3685 1507 3753 ad
1525 3682 1716 3754 mulierum
1739 3682 1987 3766 concubitum,
2014 3697 2178 3775 raptores
2202 3713 2293 3758 con-

1290 3783 1434 3874 iugum,
1463 3799 1498 3855 et
1511 3785 1549 3854 in
1568 3787 1689 3856 multis
1705 3786 1792 3856 locis
1808 3809 1909 3876 reges
1933 3787 2090 3877 primurn
2115 3813 2294 3860 concum-

1289 3888 1380 3956 bunt
1400 3909 1480 3956 cum
1507 3891 1610 3960 novis
1633 3890 1770 3982 nuptis;
1814 3889 1945 3958 alicubi
1968 3913 2178 3962 communes
2201 3909 2296 3967 sunt

1289 3989 1486 4060 multorum
1507 3991 1696 4082 coniuges,
1730 4006 1765 4062 et
1787 3993 1856 4060 viri
1877 3993 2089 4062 muliebrem
2115 4010 2295 4071 ornatum

1289 4107 1431 4176 amant,
1467 4095 1551 4188 quia
1575 4095 1696 4168 Venus
1723 4097 1773 4166 eis
1798 4107 1956 4184 praeest;
1987 4099 2141 4167 audaces
2161 4111 2295 4170 tamen

1288 4208 1392 4278 sucu,
1427 4199 1528 4265 etad
1552 4197 1727 4266 malitiam
1753 4198 1881 4280 astuti,
1913 4199 2028 4289 nrargi,
2055 4200 2295 4290 impostores,

1289 4299 1491 4382 temerarii,
1525 4311 1794 4370 contemnentes
1817 4299 1977 4389 pericula
2009 4318 2158 4394 propter
2183 4305 2297 4374 Mar-

1289 4412 1372 4470 tem.
1437 4401 1490 4468 Ac
1513 4401 1711 4486 Numidae,
1746 4399 1948 4492 Carthago,
1983 4404 2127 4489 Africa,
2167 4410 2297 4499 magis

1287 4501 1480 4573 sarniliares
1503 4520 1587 4574 sunt
1608 4505 1747 4575 Cancro
1769 4519 1805 4576 et
1828 4503 1965 4578 Lunae.
2024 4505 2109 4577 ldeo
2133 4533 2298 4582 eonsue-

1288 4607 1376 4676 tudo
1393 4605 1487 4674 vitae
1506 4631 1629 4678 eorum
1648 4610 1762 4699 magis
1779 4609 1892 4678 civilis
1908 4621 1979 4692 est,
2013 4624 2049 4680 et
2066 4611 2227 4681 officiosa
2252 4615 2295 4682 in

1288 4709 1613 4780 communicatione
1630 4722 1667 4780 et
1679 4711 2004 4804 negotiationibus,
2031 4726 2067 4783 et
2085 4716 2225 4804 degunt
2251 4717 2300 4786 in

1286 4835 1414 4902 magna
1441 4836 1562 4881 rerum
1586 4814 1791 4886 adfluentia.
1848 4814 2111 4905 Metagonitae,
2142 4817 2303 4888 Mauri-

1286 4914 1381 4997 tani,
1407 4914 1528 4984 Getuli
1550 4917 1709 4986 referunt
1732 4931 1897 4988 naturam
1915 4917 2054 5010 Scorpii
2080 4935 2115 4989 et
2132 4919 2300 5004 Martisz

1285 5015 1366 5086 ideo
1388 5017 1502 5106 magis
1523 5009 1621 5088 foedi
1640 5033 1742 5102 sunt,
1769 5033 1804 5090 et
1818 5019 2020 5104 carnivori,
2046 5034 2302 5094 contemnen-

1285 5131 1336 5188 tes
1357 5118 1600 5211 periculorum
1625 5135 1660 5192 et
1684 5123 1796 5208 vitae,
1829 5135 1864 5192 et
1887 5123 2090 5195 amaricis
2113 5127 2223 5198 bellis
2253 5151 2302 5198 se

1284 5235 1411 5292 mutuo
1426 5227 1626 5314 perdentes.

1385 5321 1592 5419 Phyaania‚
1631 5325 1888 5400 Nasamonius
1909 5343 1947 5400 et
1968 5331 2214 5402 Garamantes
2244 5333 2307 5402 ad

237 5419 472 5508 domesticae,
517 5420 741 5507 laboriosae,
784 5421 983 5508 olliciosae,
1022 5424 1168 5496 sedulae
1197 5438 1233 5496 et
1255 5425 1261 5464 ¹
1282 5424 1401 5498 Pisces
1416 5425 1587 5500 etlorem
1606 5427 1804 5522 pertinentr
1835 5432 1918 5504 ideo
1938 5447 2025 5506 sunt
2043 5433 2166 5518 liberi,
2194 5435 2308 5508 sinn·
