4700 5808
70 3561 213 3630 cordiae
227 3570 420 3632 sumuntur
437 3581 480 3628 ex
496 3551 571 3627 llll.
589 3556 719 3640 domo,
746 3567 780 3624 et
796 3579 816 3624 a
832 3551 1066 3644 congruentia

64 257 143 342 sos
245 261 388 344 nvn
422 258 823 344 numerarano
847 258 1432 381 ornan-‘Quanneannn
1453 262 1740 342 minnan
1763 265 1855 343 tn.
1869 267 1932 347 1v.
2034 270 2111 350 na

172 439 349 512 Saturum
364 439 613 512 etblercurius
634 441 886 534 cognationes,
910 441 1065 511 familia·
1116 454 1153 513 et
1164 443 1302 513 faustae
1317 440 1474 511 actiones
1490 421 1586 533 apud
1601 453 1740 513 exteros
1757 453 1794 512 et
1805 441 1941 516 reditcu
1963 447 2110 534 maturi,
2178 497 2187 526 Ι

62 541 215 628 ritates,
239 543 445 614 societatem
470 543 788 630 commerciorum,
814 555 1063 617 contractuum
1116 568 1158 615 ac
1180 566 1257 614 non
1286 542 1463 636 impediti.
1527 543 1618 614 Cum
1646 568 1734 616 vero
1764 545 1917 616 malefici
1944 547 2111 640 planetas

64 657 102 716 et
117 667 308 716 sacrorum
327 645 445 718 eflicit.
731 681 752 702 ν
1116 645 1392 738 significatorem
1405 643 1576 715 itinerum
1593 646 1808 740 adspiciunt,
1822 660 1929 719 erunt
1939 650 2108 737 diflicilia,

170 745 307 841 Iupiter
328 758 364 817 et
384 747 506 832 Mars,
537 745 702 818 sodalitia
731 768 798 841 per
824 747 1065 840 magistratus,
1117 751 1290 819 damnosa
1312 761 1349 819 et
1366 741 1567 839 periculosa
1593 747 1736 822 itinera.
1772 734 1968 822 ⁸Sumatur
1988 765 2109 824 autem

64 861 129 920 ant
146 850 239 922 alias
255 849 543 942 gubernationes.
1117 848 1355 924 consideratio
1388 849 1673 938 commixtionis,
1711 851 1844 947 ubique
1873 853 1972 924 iuxta
1993 853 2112 926 domi·

171 950 309 1045 iupiter
324 950 514 1035 etVenus,
536 948 714 1021 amicitias
728 971 795 1042 per
806 951 966 1043 publicas
984 975 1066 1044 per·
1116 953 1217 1025 nium
1235 975 1380 1038 eorum,
1407 953 1470 1047 qni
1492 953 1645 1024 eundem
1671 955 1792 1026 locum
1817 956 2039 1049 adspiciunt,
2070 969 2112 1029 ut

62 1077 199 1141 sonas,
239 1077 333 1150 quae
360 1054 541 1124 sacrificiis
573 1064 636 1123 aut
663 1051 841 1126 vaticiniis
870 1065 1066 1147 occupatae
1117 1053 1408 1150 supradiximus.

64 1169 165 1229 sunt.
1221 1155 1313 1227 Cum
1345 1156 1483 1227 lumina
1517 1167 1601 1228 sunt
1630 1157 1671 1226 in
1704 1155 1872 1229 orientali
1898 1159 2112 1254 quadrante,

171 1255 309 1351 iupiter
322 1271 358 1328 et
366 1255 585 1342 Mercurius,
612 1257 901 1329 conversationes
915 1268 1067 1352 propter
1117 1258 1359 1352 peregrinatio
1373 1259 1441 1330 erit
1453 1281 1577 1329 versus
1598 1259 1794 1344 orientem,
1828 1271 1891 1331 aut
1912 1259 2112 1334 meridiem.

64 1361 187 1432 mdia
208 1361 395 1432 doctrinae
411 1370 448 1429 et
463 1359 608 1432 artium.
1118 1361 1189 1434 Sed
1207 1387 1286 1433 cum
1303 1361 1438 1433 suntin
1454 1358 1667 1432 occidentali
1689 1364 1909 1455 quadrante,
1943 1374 2007 1434 aut
2031 1363 2110 1458 ipso

174 1463 275 1536 Mars
308 1474 343 1533 et
366 1461 489 1532 Venus
518 1461 654 1532 faciunt
682 1461 972 1534 conversationes
1000 1485 1067 1554 per
1119 1487 1265 1550 occasu,
1292 1465 1361 1534 erit
1375 1462 1616 1558 peregrinatio
1633 1487 1757 1535 versus
1773 1465 2054 1556 septentrionem
2076 1476 2113 1536 st

67 1589 234 1652 amores,
260 1565 434 1636 adulteria
450 1575 486 1634 et
497 1563 749 1634 scortationes:
783 1587 875 1660 quae
892 1575 1014 1634 tamen
1032 1576 1067 1635 et
1119 1588 1296 1638 occasum.
1796 1580 1801 1615 ¹
1825 1577 1831 1609 t

65 1669 294 1762 periculosae
308 1679 413 1751 sunt,
436 1678 469 1736 et
484 1689 560 1736 non
576 1665 639 1736 diu
655 1677 740 1736 sunt
752 1667 879 1738 lastae.
1219 1665 1360 1740 Etcum
1375 1666 1516 1758 signum
1535 1663 1736 1756 significans
1752 1665 1821 1737 iter
1835 1667 1905 1737 erit
1918 1667 2112 1756 uniforme,

173 1771 275 1842 Mars
299 1781 336 1839 et
356 1769 559 1840 Mercurius
584 1767 812 1855 inimicitias,
842 1765 1010 1838 infamias
1031 1777 1068 1837 et
1118 1783 1182 1843 aut
1196 1794 1276 1842 cum
1294 1769 1521 1840 dominantes
1533 1768 1655 1839 stellae
1675 1781 1783 1840 erunt
1803 1769 2022 1855 uniformes,
2046 1787 2112 1863 p‘es

63 1873 164 1944 rixas
196 1873 401 1966 significant
441 1869 570 1942 litteris
597 1871 786 1942 mandatas
814 1883 851 1942 et
882 1867 1066 1942 veneficia.
1116 1872 1308 1943 intervalla
1323 1881 1448 1942 etnon
1463 1869 1603 1942 assidua
1618 1869 1749 1941 itinera
1765 1872 2015 1964 suscipientur.
2042 1872 2113 1942 Sed

65 1977 192 2048 Venus
216 1987 253 2046 et
278 1973 479 2045 Mercurius
504 1972 705 2066 significant
732 1970 994 2043 familiaritates
1024 1995 1067 2046 ex
1119 1999 1198 2047 cum
1214 1987 1321 2046 erunt
1335 1975 1489 2046 duarum
1506 1973 1723 2065 figurarum,
1746 1973 1909 2046 assiduae
1924 1975 2114 2068 etlongin-

68 2079 228 2162 artibus,
261 2078 388 2148 studiis
409 2088 446 2146 et
466 2075 682 2148 commercio
703 2073 925 2160 litterarum,
958 2085 1022 2146 aut
1046 2098 1066 2144 a
1118 2101 1211 2176 quae
1226 2075 1534 2171 peregrinationes
1548 2087 1667 2148 erunt.
2075 2098 2078 2108 ·

66 2181 284 2253 mulieribus
299 2190 408 2250 ortas.
654 2267 658 2276 ῃ
942 2233 980 2258 .-
1219 2175 1356 2273 lnpiter
1371 2191 1490 2250 autem
1508 2190 1544 2249 et
1558 2175 1681 2249 Venus
1704 2201 1785 2248 cum
1809 2190 1982 2273 praesunt
2003 2177 2114 2269 signis

169 2281 396 2354 Incrementa
412 2303 499 2351 vero
516 2291 552 2351 et
569 2279 795 2350 decrementa
817 2275 983 2350 brevium
1009 2302 1067 2349 so-
1119 2283 1384 2368 ethnninibus,
1407 2281 1583 2374 praebent
1600 2301 1724 2352 secura
1746 2293 1782 2352 et
1803 2295 1904 2375 grata
1926 2280 2056 2350 itinera
2078 2289 2115 2348 et

69 2386 262 2457 dalitatum
301 2383 494 2456 iudicanda
523 2395 608 2454 sunt
641 2405 684 2452 ex
711 2380 945 2473 congruentia
978 2403 1067 2476 qua-
1119 2383 1310 2457 comitatus
1322 2409 1386 2456 scu
1402 2407 1467 2475 per
1489 2383 1671 2476 praesides
1693 2383 1999 2476 regionum,⁵per
2024 2403 2114 2476 quas

68 2501 151 2560 tuor
164 2487 445 2582 praecipuorum
462 2486 639 2557 locorum.
683 2483 778 2556 Nam
794 2483 833 2551 in
849 2480 1068 2566 cardinibus,
1118 2487 1416 2581 proficiscendum
1434 2485 1520 2568 erit,
1544 2507 1607 2556 seu
1620 2507 1686 2576 per
1699 2486 1852 2568 amicos;
1884 2497 1921 2556 et
1944 2485 2115 2556 accedent

66 2605 171 2684 parte
185 2593 378 2674 fortunae,
413 2613 455 2660 ac
475 2587 654 2658 luminum
677 2586 786 2671 locis,
819 2583 974 2656 ascanio
999 2585 1068 2655 erit
1117 2590 1235 2660 bonae
1250 2599 1477 2682 tempestates
1493 2599 1529 2656 et
1544 2587 1647 2678 copia
1666 2601 1945 2660 commeatuum.

68 2695 263 2776 illustrior;
306 2694 367 2764 sed
399 2715 479 2762 cusu
503 2688 638 2760 abillis
659 2688 748 2759 locis
771 2689 924 2778 aberunt
943 2687 1066 2760 stellae
1219 2691 1259 2764 si
1282 2693 1389 2763 etiam
1412 2687 1613 2760 Mercurius
1643 2687 1791 2760 adiuvat
1816 2685 1911 2760 hanc
1939 2687 2116 2781 signitica-

67 2799 329 2892 significantes,
358 2791 499 2864 effectio
527 2790 596 2862 erit
615 2790 842 2862 imbecillior.
1115 2787 1278 2881 tionem,
1310 2793 1378 2865 erit
1400 2791 1539 2863 occasio
1564 2790 1780 2878 utilitatum,
1815 2791 2058 2866 accessionum
2079 2800 2117 2860 et
2140 2787 2144 2794 ’

165 2901 243 2972 *sed
259 2899 407 2994 quando
430 2895 518 2968 boni
541 2905 708 2978 eventus,
740 2895 888 2988 quando
910 2895 998 2966 mali
1022 2896 1067 2966 ab
1119 2899 1313 2969 donorum.

68 3003 192 3074 amicis
215 3002 470 3095 impendeant,
511 3021 554 3068 er
584 2996 756 3092 qualitate
777 2997 961 3069 stellarum
983 3021 1068 3068 con·
1222 2999 1313 3070 Cum
1328 3020 1416 3068 vero
1432 2996 1610 3068 Saturnus
1632 3007 1667 3066 et
1680 2994 1780 3067 Mars
1804 2997 2042 3067 dominantur
2061 2994 2117 3064 ln-

69 3105 299 3198 grucntiuns,
323 3105 419 3174 bona
436 3100 492 3172 vel
506 3100 623 3186 mala,
646 3101 859 3170 sumendum
876 3111 941 3172 est.
1119 3102 1290 3186 minibus,
1309 3113 1345 3172 et
1357 3099 1515 3170 maxime
1523 3099 1553 3170 si
1565 3097 1638 3170 sint
1655 3098 1813 3190 oppositi
1826 3100 2022 3170 secundum
2037 3097 2117 3166 lon-

1120 3203 1340 3298 gitudinem,
1375 3212 1612 3294 corrumpunt
1636 3224 1677 3270 ea
1700 3200 1816 3286 bona,
1854 3223 1950 3294 quae·
1975 3200 2118 3282 adsunt,

469 3309 524 3376 De
546 3307 666 3378 urnis.
1120 3320 1156 3379 et
1169 3306 1357 3400 implicant
1371 3303 1511 3396 magnis
1524 3299 1693 3397 periculis
1706 3324 1784 3389 eos,
1807 3301 1871 3398 qui
1885 3299 2117 3372 iterfaciunt.

1120 3409 1212 3482 Cum
1230 3419 1337 3480 erunt
1350 3406 1389 3476 in
1404 3406 1514 3498 signis
1536 3402 1713 3492 humidis,
1738 3401 2043 3498 navigationes'l)
2060 3403 2116 3474 'ss-
2155 3449 2159 3456 ·

1120 3515 1273 3598 faustas,
1314 3522 1377 3581 aut
1404 3509 1540 3580 reditus
1567 3533 1633 3602 per
1660 3509 1741 3580 loca
1769 3507 1867 3577 invia
1891 3518 1955 3578 aut
1975 3507 2116 3576 deserta

1120 3613 1338 3709 significatum
1369 3611 1409 3680 in
1423 3609 1522 3696 liris,
1554 3611 1676 3704 lapsus
1700 3633 1767 3704 per
1785 3611 1866 3681 loca
1890 3611 2026 3693 ardua,
2059 3609 2117 3678 vel

1119 3719 1225 3790 flatus
1239 3729 1450 3796 ventorum
1483 3713 1522 3783 in
1546 3713 1791 3786 solstitialibus
1813 3726 1849 3784 et
1872 3709 2117 3807 aequinoctia-

1120 3821 1232 3906 libus,
1257 3819 1414 3890 delectus
1428 3829 1692 3889 commeatuum
1710 3828 1747 3887 et
1762 3815 1926 3896 morbos;
1952 3815 1991 3884 in
2006 3811 2117 3904 siguis
2173 3890 2180 3904 .

1120 3921 1317 3996 humanam
1339 3923 1491 4011 liguram
1510 3915 1745 4002 habentibus,
1781 3915 1991 4000 latrocinia,
2028 3913 2116 3986 insi-

1120 4027 1218 4112 dias,
1244 4023 1482 4094 crudelitates.
2140 4021 2144 4026 ’

1221 4125 1263 4197 ln
1278 4123 1516 4207 terrestribus,
1531 4117 1767 4191 lacerationes
1780 4119 1996 4191 metuendae
2009 4132 2117 4191 munt

170 3457 370 3528 Servorum
387 3465 422 3524 et
434 3453 669 3524 dominorum
685 3449 899 3522 concordiae
913 3448 973 3519 vel
996 3446 1069 3522 ‹lis-

69 3665 255 3736 stellarum
275 3660 351 3734 eius
363 3657 434 3730 loci
449 3659 487 3728 in
505 3659 644 3752 genesi,
677 3681 739 3729 seu
755 3681 837 3728 cum
854 3651 894 3726 in
913 3657 1066 3726 cundem

68 3767 189 3839 locum
216 3765 402 3849 insistent,
434 3785 498 3834 seu
519 3785 600 3833 cum
626 3771 731 3831 eruut
755 3759 960 3855 oppositae;
992 3779 1069 3826 ma·

68 3858 290 3954 simeram,
315 3891 397 3938 cuna
420 3864 628 3938 dominator
650 3862 743 3955 sigui
764 3861 839 3934 eius
861 3862 952 3947 loci,
986 3883 1072 3931 cum·

68 3975 300 4044 dominatore
313 3967 514 4042 nativitatis
530 3968 708 4040 consentit
723 3977 786 4036 aut
801 3965 975 4038 dissentit.

327 4209 328 4216 '
389 4193 446 4263 D‘
468 4190 751 4282 Wf'mm·
1120 4221 1278 4302 abestiis
1291 4241 1326 4299 et
1341 4235 1604 4298 terraemotus.
1653 4221 1798 4296 Etcum
1816 4223 2003 4295 adestuna
2020 4221 2117 4294 Mer-

172 4347 294 4420 Locus
318 4343 620 4439 peregrinationis
652 4339 806 4416 sumitur
837 4327 1067 4414 aluminum
1120 4333 1258 4417 curius,
1280 4329 1438 4426 pericula
1455 4340 1596 4400 erunta
1614 4326 1844 4413 fulminibus,
1872 4325 2116 4420 apericuloais

67 4454 194 4550 positu
214 4452 263 4523 ad
286 4463 427 4534 centra,
452 4448 641 4519 amborum
670 4443 834 4545 quidem,
868 4445 929 4517 sed
955 4445 1069 4540 magis
1121 4433 1451 4519 criminationibus,
1492 4457 1513 4502 a
1545 4429 1770 4523 serpentibus
1797 4442 1834 4501 et
1854 4441 2115 4501 venenatorum

68 4559 216 4636 Lunae;
250 4551 398 4624 namin
421 4575 567 4636 occasu,
611 4560 673 4619 aut
703 4544 912 4618 cadentibus
935 4546 1067 4620 locisa
1119 4539 1260 4611 ictibus.
1327 4534 1507 4607 Sumenda
1538 4546 1592 4606 est
1614 4533 1711 4604 enim
1735 4530 1889 4627 qualitas
1910 4543 2116 4615 eventuum,

69 4659 277 4734 cardinibus
290 4652 598 4750 peregrinationes
613 4665 648 4722 et
664 4651 828 4720 locorum
850 4651 1067 4722 mutationes
1119 4654 1196 4738 tum
1213 4644 1343 4725 fausta,
1358 4651 1435 4710 tum
1453 4638 1621 4722 infausta,
1647 4660 1690 4708 ex
1704 4635 1910 4708 diversitate
1928 4635 2115 4704 circacau·

70 4765 257 4859 significat.
322 4757 423 4829 Idem
448 4755 622 4850 significat
646 4768 681 4827 et
703 4751 823 4838 Mars,
854 4749 988 4828 sivein
1011 4779 1068 4826 oc·
1115 4769 1196 4842 'sam
1214 4757 1250 4815 et
1273 4767 1315 4813 ex
1339 4742 1427 4814 locis
1449 4763 1578 4812 causae
1603 4739 1773 4833 actionis,
1807 4749 1870 4808 aut
1890 4736 2116 4822 facultatum,

70 4895 175 4952 casu,
199 4861 330 4938 sivein
350 4855 459 4932 domo
485 4861 633 4932 cadente
658 4883 677 4928 a
703 4853 878 4940 culmine,
912 4876 993 4928 cum
1014 4854 1069 4930 lu·
1120 4861 1183 4947 aut
1206 4845 1389 4940 corporis,
1422 4857 1485 4918 aut
1508 4841 1693 4935 dignitatis
1709 4841 1808 4912 iuxta
1830 4836 2115 4932 dispositionem,

71 4971 228 5042 mimbus
243 4975 307 5038 aut
324 4964 509 5058 oppositus
526 4976 596 5050 est,
623 4973 918 5054 auttetragonus.
948 4949 975 4985 ·’
1000 4962 1003 4973 “
1120 4977 1213 5048 quae
1229 4949 1449 5021 dominatur.
1967 4993 1971 5000 .
2017 4938 2024 4998 ἲ
2061 4965 2078 5004 .··

172 5072 212 5144 si
228 5082 348 5142 autem
366 5081 401 5137 et
417 5092 500 5164 pars
513 5067 684 5138 fortunae'
695 5063 766 5132 erit
780 5063 818 5132 in
836 5062 945 5156 signis
960 5058 1086 5153 signi-2
1222 5053 1363 5149 Quibus
1386 5075 1472 5123 vero
1495 5048 1653 5120 articulis
1677 5058 1882 5140 temporum
1905 5040 1945 5116 hi
1966 5041 2114 5116 sessim

71 5177 261 5250 beantibus
278 5172 628 5268 peregrinationem,
647 5163 735 5239 'tota
753 5165 847 5252 vita,
880 5153 1085 5236 conversa·¹
1120 5145 1301 5259 atridam,
1327 5154 1540 5227 sumendum
1558 5162 1612 5222 est
1633 5173 1676 5221 ex
1699 5148 1872 5244 qualitate
1895 5162 2113 5240 temporum,

73 5285 121 5354 tio
137 5295 175 5352 et
190 5278 350 5349 actiones
370 5287 476 5346 crunt
493 5277 589 5367 apud
604 5286 753 5344 exteros.
923 5268 925 5280 '
1120 5261 1249 5356 quibus
1266 5260 1432 5354 planetae
1456 5259 1502 5326 ad
1518 5256 1596 5328 loca
1613 5253 1850 5347 significantia
1869 5247 2111 5344 perveae‘nlt

173 5383 221 5454 Et
237 5407 316 5452 oum
332 5379 482 5480 benefici
497 5379 661 5472 planetae
680 5368 1069 5470 adspiciuntsignifica·

78 5505 188 5562 torem
211 5487 405 5569 itinerum,
438 5495 498 5554 aut
525 5483 718 5586 succedunt
739 5477 791 5563 ei,
822 5485 928 5546 erunt
952 5475 1068 5544 clarae
1151 5501 1200 5564 η)
1217 5497 1426 5570 umplona]
1442 5495 1494 5554 ῃ,
1509 5491 1585 5549 am
1604 5501 1701 5547 m
1717 5492 1850 5558 emm
1877 5479 2042 5551 „sapum
