4600 5804
217 205 293 285 ata
793 197 916 276 l'fflb.
947 198 1060 282 Mllls
1092 201 1295 282 senum
1327 202 1664 281 scotomatus.
2179 205 2248 280 110

273 380 440 456 Vestibus
455 374 608 451 involuti
623 384 728 458 sunt,
751 374 814 446 sed
829 373 867 446 iu
884 377 1073 470 peregriua
1088 391 1184 454 terra
1318 377 1364 454 lit
1376 392 1437 454 tus
1452 382 1597 477 quidem
1611 379 1704 476 (nou
1714 377 1811 452 euim
1822 397 1946 452 saram
1957 371 2068 450 babes
2082 380 2247 476 mentun)

273 487 406 560 lacent.
440 483 557 554 Porro
571 503 629 551 res
643 477 858 550 domesticae
872 473 927 550 his
940 480 1075 556 similes
1090 499 1192 572 sunt,
1232 519 1235 528 ’
1318 485 1533 578 Argivorum
1551 485 1711 558 convicia
1728 479 1960 578 etPhrygurr
1974 483 2099 561 laudes

225 593 301 664 080
325 588 372 662 Et
387 587 516 658 viduae
531 579 756 664 moriuntur,
780 579 894 675 etqui
913 585 1112 672 orbisunt,
1217 677 1220 686 ⁴
1320 587 1444 662 Ventis
1459 590 1604 662 ferenda
1622 573 1791 661 concedo.
1841 586 1999 682 Sequere
2016 611 2073 656 ms

276 693 441 766 Aliorum
472 691 716 760 educaverunt
744 683 897 770 liberos,
944 712 1061 783 neque
1093 693 1139 761 ad
1165 715 1219 764 se·
1270 686 1346 763 420
1371 693 1427 762 Ad
1445 716 1574 776 naves,
1606 687 1755 786 pulchra
1770 711 1901 786 sponsa
1918 688 2000 760 duci
2014 702 2152 760 rostra.

637 781 827 878 pulchrum
1323 794 1380 865 Tu
1398 809 1536 880 autem,
1563 797 1706 890 quando
1725 793 1868 888 Ulysses
1884 803 1917 861 te
1933 793 2092 887 requiret

276 897 339 970 Est
354 893 566 990 quisquam,
592 889 655 983 qui
672 890 881 980 sanguinem
897 903 1014 962 terrae
1036 894 1106 964 det.
1323 899 1527 982 Abducere,
1553 898 1622 970 eris
1638 896 1764 968 ancilla
1781 895 1930 990 pudicae

279 1001 382 1070 Anne
397 991 457 1066 hic
473 991 646 1066 exercitus
660 993 788 1084 diguus
803 992 849 1062 sit
863 993 968 1063 laude
986 994 1132 1088 aliqua?
1324 1000 1504 1084 Mulieris,
1528 1013 1569 1070 ut
1582 1001 1723 1084 dicunt,
1747 1000 1810 1092 qui
1825 996 2060 1068 veneruntad
2075 992 2192 1066 utrm.

281 1103 376 1186 „Sed
391 1113 508 1168 tacere
524 1094 650 1166 melius
665 1107 717 1164 est
731 1094 863 1186 turpia,
888 1117 1004 1190 neque
1011 1095 1115 1171 Musa
1131 1093 1220 1168 mihi
1325 1107 1420 1176 cars.
1449 1102 1553 1173 Certe
1569 1099 1628 1174 hie
1641 1101 1803 1172 minister
1827 1122 1926 1178 acen
1961 1098 2175 1192 „quoduam
2200 1092 2255 1166 ba-

231 1203 306 1280 585
329 1203 416 1288 „Sit
430 1197 628 1280 cantatrix,
655 1219 747 1290 quae
763 1197 884 1268 laudet
898 1199 1018 1290 turpia
1026 1196 1085 1296 ¹⁶).
1691 1205 1779 1274 bens
1800 1225 1933 1274 noman

280 1304 435 1378 Troiani
448 1326 533 1374 vero
550 1299 668 1393 primo
688 1297 798 1392 (quae
817 1301 931 1392 gloria
948 1325 1087 1373 summa
1104 1303 1173 1394 est)
1276 1303 1350 1380 425
1377 1307 1528 1390 „Unum
1555 1304 1774 1400 praecones?
1825 1303 1959 1374 Odium
1986 1300 2168 1394 publicum
2200 1296 2258 1370 ho

281 1407 421 1480 Mortui
434 1415 518 1479 sunt
533 1425 600 1495 pro
615 1401 754 1493 patria,
781 1427 872 1495 quos
886 1403 1020 1476 bellum
1037 1406 1190 1478 sustulit.
1691 1407 1854 1478 minibus
1869 1417 2064 1488 vocantur,

281 1509 421 1582 Mortui
435 1510 584 1578 domum
600 1503 691 1575 illati
706 1505 751 1574 ab
768 1505 892 1575 amicis
906 1520 1008 1591 sunt,
1328 1511 1400 1605 Qui
1415 1513 1508 1604 apud
1527 1511 1705 1604 principes
1719 1509 1856 1606 estis’l)
1872 1519 1908 1578 et
1923 1508 2029 1580 urbes
2042 1505 2210 1577 ministri.

282 1615 324 1686 ln
339 1611 456 1707 patria
470 1604 699 1702 sepulchrum
714 1608 836 1698 adepti
851 1619 953 1690 sunt,
1328 1614 1432 1684 Tune
1450 1615 1501 1684 ais
1519 1639 1637 1684 meam
1653 1625 1804 1684 matrem
1819 1612 1857 1680 in
1870 1611 2006 1704 Ulyssis

233 1719 308 1794 390
333 1713 501 1786 Manibus
517 1709 679 1802 cooperti
692 1709 737 1778 ab
752 1707 816 1794 iis,
843 1733 863 1777 a
879 1708 1009 1802 quibus
1024 1713 1196 1802 oportuit.
1328 1715 1526 1788 Venturam
1543 1714 1717 1788 domum?
1752 1713 1823 1785 Ubi
1838 1725 1954 1786 essem
1966 1733 2151 1784 sermones
2158 1709 2260 1801 apol-

284 1819 360 1914 Qui
373 1829 493 1888 autom
507 1837 582 1885 nou
595 1810 730 1882 mortui
746 1811 1040 1904 suntiupugua,
1684 1815 1786 1902 linis,

279 1922 335 1992 llli
349 1941 490 2013 semper
506 1941 587 1988 cum
604 1913 754 2004 coniuge
770 1937 813 1982 ac
826 1913 947 1984 liberis
1329 1919 1405 2013 Qui
1418 1921 1543 1990 dicunt
1556 1921 1690 2013 ipsam,
1715 1942 1781 2013 per
1795 1941 1852 1988 me
1866 1913 2036 2008 expositi,

283 2022 566 2104 Habitaveruut,
592 2039 684 2112 quae
699 2016 866 2108 voluptas
879 2017 1005 2088 aberat
1019 2016 1177 2090 Graecis.
1281 2019 1355 2093 480
1380 2021 1447 2093 Hic
1465 2024 1677 2094 morituram
1694 2018 1794 2094 esse?
1846 2018 2096 2090 Caeterrvero
2118 2039 2193 2086 nou
2213 2041 2260 2086 ex·

285 2127 359 2200 lam
383 2122 547 2196 Hectoris
572 2145 648 2204 res,
688 2141 780 2211 quae
809 2117 875 2188 tibi
905 2117 1073 2190 videntur
1099 2120 1228 2202 tristes,
1566 2155 1569 2162 ·
1687 2123 1883 2216 probrabo.

651 2221 756 2304 audi,
782 2232 823 2290 ut
837 2246 873 2293 se
888 2215 1034 2294 habent.
1330 2223 1391 2295 llle
1406 2223 1526 2295 infelix
1542 2226 1673 2312 nescit,
1700 2225 1821 2321 qualia
1839 2245 1920 2294 eum
1936 2233 2110 2292 maneant
2124 2221 2233 2299 mala,

235 2330 310 2407 395
336 2331 429 2404 Cum
444 2329 506 2398 llln
522 2327 628 2398 laude
642 2335 695 2394 014
711 2335 895 2408 morium,
922 2325 1021 2419 quod
1043 2321 1151 2394 luerll
1173 2321 1229 2388 vlt
1328 2328 1509 2421 Quoniam
1528 2352 1655 2399 aurum
1670 2329 1740 2421 ipsi
1755 2339 1791 2398 ei
1802 2349 1882 2396 mea
1897 2319 2082 2417 Phl'wlffl
2096 2323 2192 2392 mnia

648 2427 984 2518 praestantissimas.
1332 2430 1559 2502 Videbuntnr
1582 2431 1669 2501 olim
1695 2454 1786 2510 esse;
1823 2431 1946 2499 decem
1970 2427 2066 2499 euim
2095 2419 2260 2494 exhaustis

286 2537 334 2608 Et
346 2532 415 2608 hoc
433 2531 650 2624 Argivorum
671 2531 846 2602 adventus
858 2528 991 2600 effecit:
1693 2531 1798 2604 annis

288 2641 328 2711 si
359 2632 626 2730 mansissentll)
653 2632 773 2715 domi,
811 2653 886 2702 non
910 2629 1134 2702 inclaruisset
1156 2623 1231 2694 eius
1335 2633 1451 2727 Supra
1468 2635 1574 2719 istos,
1607 2659 1697 2732 qnos
1713 2631 1875 2723 hicegit,
1908 2627 2099 2722 redibit⁸)
2120 2627 2215 2700 solus
2232 2625 2260 2692 ln

645 2735 769 2806 virtus.
795 2748 800 2760 ·
1722 2737 1863 2806 atriam.

286 2842 393 2916 Paris
406 2861 517 2932 porro
534 2836 635 2908 duxit
646 2831 740 2914 lovis
754 2833 883 2916 liliam;
908 2836 939 2908 si
954 2855 1029 2904 non
1043 2829 1210 2912 duxisset,
1286 2835 1358 2910 435
1384 2817 1486 2908 Ultra
1504 2835 1602 2907 illum
1625 2761 1766 2922 toenpm,
1796 2837 1860 2906 ubi
1880 2835 1988 2909 situm
2009 2846 2062 2905 est
2085 2842 2262 2923 angustum

288 2944 489 3017 Obscuram
504 2935 685 3010 habuisset
706 2937 926 3008 alienitatem.
1690 2940 1850 3023 bivium,

239 3051 316 3126 400
342 3043 596 3136 „anieudum
611 3041 733 3135 itaque
745 3039 879 3112 bellum
900 3051 953 3113 est
967 3038 1019 3124 ei,
1047 3033 1109 3130 qui
1123 3029 1233 3124 sapiu
1336 3043 1439 3114 Ultra
1459 3037 1698 3136 Charybdim,
1723 3042 1787 3114 nbi
1802 3039 2012 3118 crudimrus
2026 3050 2221 3108 montanus

290 3151 359 3240 „Si
372 3171 459 3220 varo
474 3142 545 3218 buc
561 3157 707 3218 ventum
722 3142 847 3215 fuerit:
883 3143 998 3236 gloria
1021 3163 1096 3210 nou
1120 3133 1234 3227 turpis
1337 3145 1488 3240 Cyclops
1513 3157 1583 3228 est,
1608 3158 1644 3215 et
1666 3146 1731 3216 nbi
1754 3155 1807 3216 est
1828 3141 2061 3225 incantatrix,
2079 3137 2262 3210 formatrix
2298 3151 2299 3213 t

652 3244 812 3339 patriae,
1278 3291 1286 3298 ·
1691 3269 1906 3340 porcorum,

296 3351 484 3440 „Fortiter
500 3349 637 3442 periret
666 3369 743 3419 uon
758 3347 900 3420 fortites
917 3369 1024 3428 vero.
1050 3357 1154 3434 lurpe
1170 3354 1234 3412 0⁸¹·
1334 3349 1454 3433 Circe,
1482 3361 1517 3419 et
1532 3349 1593 3419 ubi
1610 3363 1694 3421 suut
1707 3351 1794 3420 salsa
1810 3345 1997 3438 naufragia
2011 3345 2142 3428 maris,

294 3455 418 3550 ltaque
434 3475 509 3522 nou
525 3451 693 3522 convenit
708 3463 743 3520 te
758 3448 950 3520 lamentari
964 3445 1140 3540 patriam,
1336 3453 1383 3522 Et
1396 3452 1462 3522 loti
1479 3475 1640 3535 amores,
1664 3451 1828 3545 Solisque
1841 3473 1964 3520 sacrm
1978 3449 2107 3531 bova,
2297 3515 2298 3547 ,

295 3557 480 3628 Autmeas
496 3552 658 3645 nuptiasi
684 3550 947 3624 inimicissimos
965 3549 1059 3618 enim
1081 3542 1172 3616 mihi
1290 3553 1363 3627 440
1391 3555 1493 3648 Quae
1517 3553 1716 3648 carnemfl)
1735 3554 1945 3648 loquentem
1968 3545 2186 3644 nmisrrnq
2215 3543 2265 3616 stt

243 3659 321 3738 406
345 3657 393 3731 Et
406 3657 472 3728 tibi
486 3651 541 3728 his
556 3651 691 3747 nuptiis
705 3655 868 3745 perdam.
1696 3657 1843 3750 quando

298 3767 394 3839 chor.
422 3759 539 3854 Quam
555 3756 712 3831 suaviter
725 3752 822 3829 rides
838 3769 899 3826 tua
915 3755 1031 3838 mala,
1334 3759 1514 3836 ‚Acerbam
1530 3757 1650 3852 Ulyssi
1665 3779 1804 3830 vocem.
1854 3757 1906 3827 Ut
1917 3755 2075 3826 breviter
2088 3753 2222 3824 dicam:

297 3865 347 3937 Ia
368 3864 484 3948 oanis,
525 3885 616 3955 quae
640 3855 790 3932 cantans
810 3882 886 3930 non
908 3871 1029 3928 tamen
1054 3875 1138 3924 vera
1165 3875 1238 3924 esse
1338 3859 1451 3931 Vivus
1478 3859 1544 3930 ibit
1566 3863 1610 3929 ad
1634 3861 1786 3946 inferos,
1816 3873 1852 3930 et
1874 3859 2045 3951 effugiens
2067 3879 2201 3951 quam
2219 3873 2267 3944 pa·
2296 3853 2297 3862 ’

663 3961 832 4035 ostendis.
1708 3963 1820 4047 ludis,

303 4072 415 4144 raas.
441 4067 520 4142 Nisi
533 4063 664 4159 Apollo
680 4077 715 4136 te
733 4066 872 4135 fecisset
888 4074 1089 4144 amentem,
1344 4063 1440 4134 Mala
1456 4065 1495 4132 in
1511 4063 1585 4135 suis
1600 4067 1750 4136 aedibus
1764 4063 1924 4134 inveniet
1939 4063 2145 4134 innumera.

299 4173 384 4244 Nou
399 4171 547 4261 impune
562 4193 661 4238 meos
677 4169 784 4238 duces
1345 4167 1414 4238 Sed
1431 4169 1518 4262 quid
1533 4167 1670 4262 Ulytsis
1687 4169 1800 4239 recito
1815 4163 1981 4238 laborari

251 4274 326 4348 410
361 4271 577 4342 Huiusmodi
609 4269 766 4338 infamiis
801 4262 1068 4359 prosequereris
1101 4284 1144 4331 ex
1177 4255 1244 4328 hac
1295 4266 1371 4343 445
1397 4269 1518 4354 Vade,
1544 4283 1584 4340 ur
1600 4271 1928 4361 celeffimeiponso
1946 4267 2043 4360 apud
2066 4264 2199 4334 inferos
2219 4282 2271 4328 nu

658 4383 766 4441 terra.
1705 4375 1842 4442 bamus.

305 4475 406 4564 „Sed
421 4483 652 4566 praestantes,
669 4467 770 4556 ethi,
795 4467 857 4564 qui
873 4465 1041 4538 videntur
1056 4463 1246 4558 sapientes,
1348 4474 1452 4544 cerie
1485 4475 1600 4545 malus
1635 4473 1728 4544 male
1760 4474 1941 4566 sepeli-22⁴⁸.
1965 4484 2096 4553 nonin,
2134 4490 2209 4536 nnn
2231 4463 2271 4530 iu-

305 4574 459 4664 „Nihilo
476 4589 560 4648 sunt
574 4573 734 4668 potiores
749 4572 840 4658 illis,
866 4568 929 4665 qui
944 4565 1145 4644 nihilium.
1710 4579 1841 4661 taedio,

304 4682 400 4758 Nam
417 4703 605 4772 supremus
620 4679 693 4748 dur
709 4675 902 4758 exercitus,
1303 4733 1498 4747 .......-
1556 4679 1563 4692 '
2293 4761 2294 4766 Ἰ

305 4785 406 4856 Atrei
420 4785 533 4868 filius,
559 4777 667 4852 huius
684 4802 844 4850 amorem
862 4795 949 4869 prae
961 4769 1040 4841 aliis
1056 4772 1205 4842 electum
1334 4831 1384 4889 2⁷)
1401 4831 1536 4880 vomatur
1583 4828 1719 4890 ..affl
1749 4829 1790 4879 ne
1818 4825 1902 4877 mm·
1924 4821 1998 4876 ‚m
2051 4819 2149 4884 ,m
2190 4805 2294 4881 „unp

257 4884 333 4960 415
358 4885 508 4958 Furiose
520 4884 687 4965 sustinet;
719 4896 754 4954 et
768 4903 907 4975 pauper
919 4875 1064 4972 quidem
1077 4899 1156 4948 sum
1170 4897 1250 4966 ego,
1369 4901 1440 4950 astu
1459 4935 1465 4948 .
1485 4933 1493 4950 .
1511 4935 1519 4952 .
1538 4869 1627 4961 airus
1650 4899 1680 4948 ιιι
1697 4900 1774 4948 suan
1791 4907 1835 4960 gr.
1852 4895 1980 4950 senen·
1998 4857 2114 4942 v’nuu
2130 4890 2233 4953 mur.

309 4989 379 5058 Sed
396 4989 614 5060 connubium
632 4983 738 5058 huius
753 5009 830 5056 uon
844 5003 1040 5074 curassem.-
1334 5003 1385 5061 aa)
1403 5001 1518 5063 munst]
1533 5000 1574 5052 ne
1591 4999 1640 5066 (ε
1656 5001 1723 5050 tm.
1741 4996 1800 5064 gr.)
1818 4997 1902 5048 usses
1923 4995 1998 5048 essu
2023 4999 2053 5046 ae
2075 4993 2203 5050 mus
2234 4981 2269 5034 ¹²
2292 5047 2293 5054 ,

269 5131 473 5144 *-
1373 5069 1449 5122 usa.
1466 5071 1620 5122 straten.

293 5201 356 5324 aa?fl
357 5204 400 5324 ouh
411 5204 430 5256 1.
448 5203 476 5252 n
496 5203 580 5256 rates.
596 5203 688 5268 rasa„
709 5201 785 5254 issa.
806 5201 872 5250 nou
889 5207 996 5260 marne
1022 5192 1122 5258 rann
1139 5191 1252 5257 tuasne
1336 5161 1652 5294 wffiggplozffi
1664 5167 1759 5232 aaran.
1778 5163 2085 5234 «0011001ϋο
2102 5155 2270 5222 mum

291 5357 341 5424 κ)
360 5354 543 5413 mansissent]
571 5351 615 5402 ste
634 5355 682 5409 (=.··
700 5353 795 5413 aaran.
821 5337 907 5414 dour)
937 5349 1023 5401 rata.
1043 5347 1118 5398 1118.
1148 5347 1178 5396 rt
1206 5357 1253 5396 re·
1337 5345 1387 5402 ³⁰)
1404 5343 1543 5404 emittent]
1561 5343 1602 5393 ste
1618 5301 1717 5402 uerus,
1743 5335 1852 5401 ltusgr.
1876 5341 1923 5398 (-.-.
1942 5335 2037 5400 ΕπιΙρ.
2054 5329 2179 5400 isaurus
2211 5323 2268 5378 m:
2291 5359 2292 5422 ἐ

329 5429 430 5490 cautas
453 5424 504 5474 110.
528 5421 603 5472 M.
628 5422 790 5473 marsstsset.
1375 5413 1489 5476 adesus
1515 5412 1602 5462 rotet.
1615 5409 1709 5470 iffi,
1728 5405 1804 5458 iffi.
1822 5406 1908 5458 ath:
1933 5407 2070 5457 autaut.
