4616 5810
55 235 128 306 ses
309 293 311 308 ,
501 224 592 300 sue
650 223 1047 308 nrnsrnnruno
1072 221 1613 314 uneurnrrnuunrnn.
1952 236 2076 314 ,ως
2184 167 2187 174 “

92 403 221 474 Malum
235 399 449 482 terminatur
463 397 502 468 in
519 423 594 484 me,
620 425 736 494 neque
753 411 969 484 cunctatur,¹
1076 394 1174 470 1415
1199 403 1302 489 ffipp.
1327 392 1505 492 Proh¹⁹)‚
1531 418 1641 491 quam
1659 396 1855 491 luit'genus
1871 399 2071 484 humanum

87 507 131 580 Et
143 506 236 576 venit
251 500 298 573 ad
314 526 391 586 me,
418 500 481 596 qui
494 524 571 572 non
1479 499 1710 572 maledictum
1730 519 1755 570 a
1769 502 1862 575 Diis!
1915 575 1920 584 ,
1944 487 1948 504 ’

87 611 168 680 Sum
180 631 262 677 reus
275 605 428 676 istorum
443 605 635 676 malorum.
724 688 728 694 ¹
759 653 763 665 ·
882 635 887 647 ·
1122 609 1208 676 Βία.
1234 602 1336 683 Sine;
1363 624 1438 670 non
1456 601 1522 672 sub
1538 601 1725 693 caliginem
1743 617 1861 676 terrae
1975 637 1983 648 ·

85 712 159 782 Heu
175 703 338 802 mihin),
365 707 452 800 quid
466 705 611 788 dicam?
1122 705 1220 777 Deae
1234 703 1384 788 Veneris
1400 727 1442 773 ex
1459 703 1651 795 cupiditate
1665 705 1743 779 sine
1757 708 1893 783 ultione
1912 782 1916 790 ,

47 811 131 886 1085
157 812 351 907 Quomodo
366 809 527 882 liberabo
541 808 653 879 vitam
706 859 710 866 -
872 885 875 895 ,
1121 807 1268 880 lrruunt
1279 807 1355 877 irae
1369 804 1409 877 in
1424 817 1670 899 tuum'corpos
1807 880 1810 890 ,
1910 883 1915 894 ,

84 918 198 986 Meam
215 912 340 984 existo
358 935 433 982 non
449 911 593 990 dolente
601 911 649 1006 ¹⁸)
664 910 784 982 malo?
1122 911 1277 1004 Propter
1291 924 1390 982 tuam
1406 907 1577 1000 pietatem
1593 922 1629 982 et
1643 909 1778 990 honam
1795 927 1964 1018 ruentem.
2093 933 2102 954 ⁸

85 1019 226 1090 Utinam
241 1039 297 1098 me
313 1016 483 1088 miserum
499 1015 644 1106 sepeliat
1074 1013 1173 1090 1420
1198 1014 1274 1106 Ego
1292 1011 1401 1083 alium
1417 1007 1485 1081 hac
1501 1035 1580 1082 mea
1598 1033 1729 1094 manu,
1951 1087 1956 1096 ,

83 1119 273 1193 Necessitas
288 1119 414 1190 mortis
428 1117 530 1208 nigra
547 1130 583 1186 et
599 1117 791 1188 nocturna!
1123 1117 1195 1212 Qui
1212 1117 1246 1187 ei
1262 1115 1357 1186 inter
1372 1109 1538 1186 homines
1554 1110 1782 1186 charissimus
1795 1129 1866 1202 est,

82 1229 160 1294 Dio.
213 1222 248 1291 Ο
281 1221 427 1304 infelix,
476 1219 514 1288 in
547 1244 657 1314 quam
692 1218 931 1290 calamitatem
967 1219 1019 1287 in·
1121 1215 1186 1291 llis
1201 1218 1279 1290 telis
1293 1215 1559 1290 inevitabilibus
1573 1216 1735 1310 puniam.

432 1320 565 1392 cidisti!
865 1365 874 1394 .
1120 1322 1205 1392 Tibi
1218 1346 1324 1404 vero,
1351 1344 1372 1389 o
1386 1319 1515 1404 miser,
1539 1314 1677 1413 probis
1693 1317 1798 1388 malis

48 1429 126 1500 1390
151 1428 356 1499 Generosos
370 1423 512 1495 enimus
527 1421 586 1494 ille
602 1436 684 1494 tuus
700 1434 734 1496 te
749 1421 916 1516 perdidit.
1120 1425 1298 1494 Maximus
1314 1420 1470 1494 honores
1484 1423 1522 1492 in
1538 1422 1627 1491 urbe
1643 1419 1843 1491 Troezeuia

81 1537 174 1620 Hipp.
202 1531 307 1612 Sine,
332 1553 355 1596 o
372 1527 534 1599 divinum
549 1521 701 1598 halitum
719 1527 858 1606 odoris;
885 1521 1015 1596 etenim
1072 1525 1182 1602 1425.
1196 1525 1320 1607 Dabo;
1346 1549 1431 1595 nam
1448 1523 1587 1617 puellae
1602 1525 1776 1616 innuptae
1795 1535 1877 1594 ante
1894 1528 2037 1620 nuptias

432 1630 515 1699 lieet
532 1627 570 1698 in
588 1629 692 1699 malis
1119 1631 1205 1700 Tibi
1220 1629 1421 1700 tondebunt
1436 1626 1551 1698 crines
1566 1627 1674 1718 longo
1688 1639 1850 1718 tempore

23 1813 24 1822 ἵ
81 1735 165 1816 Sim,
191 1747 317 1803 tamen
331 1730 424 1802 scusi
440 1745 494 1816 te,
521 1744 555 1800 et
573 1731 709 1802 levatus
724 1755 802 1822 sum
820 1752 982 1820 corpore·
1119 1733 1346 1804 Praestantes
1362 1728 1557 1800 maximum
1575 1731 1709 1800 luctum
1729 1723 1933 1821 lachrymis.

81 1837 136 1908 Fet
149 1837 187 1906 in
202 1831 261 1908 his
274 1833 421 1905 aedibus
436 1833 513 1903 Dea
527 1830 672 1903 Diana?
1118 1837 1268 1930 Semper
1283 1833 1462 1925 virginum
1477 1835 1521 1902 de
1540 1843 1574 1902 te
1591 1829 1745 1900 musicae

22 1991 24 2050 q
80 1943 155 2011 Βία.
183 1937 216 2009 Ο
234 1937 363 2022 miser,
389 1937 489 2006 adest
503 1933 568 2005 libi
584 1931 791 2006 charissima
808 1947 867 2003 lua
883 1930 971 2003 Dea·
1120 1937 1328 2010 Cantilenae
1347 1946 1472 2018 erunt,
1496 1946 1620 2004 elnon
1638 1932 1808 2004 obscurus
1823 1931 1997 2026 iacemffl)

48 2037 123 2112 1395
147 2045 252 2130 mpp-
270 2039 380 2110 Videt
395 2063 465 2122 ωε,
490 2039 650 2121 000004,
678 2059 786 2132 quam
800 2035 867 2107 ⁸1¹ss
883 2031 1016 2104 miser?
1070 2038 1170 2114 1430
1194 2040 1307 2112 Amor
1322 2035 1508 2110 Phaedrae
1525 2035 1564 2104 in
1579 2048 1616 2106 te
1631 2033 1819 2106 tacebitur.

80 2148 155 2215 Βία.
173 2142 306 2226 Video,
326 2142 388 2213 sed
403 2165 478 2210 non
491 2141 544 2210 ias
561 2153 613 2212 est
628 2164 684 2208 me
699 2133 900 2232 lachrymas
915 2135 1015 2206 eruit-
1117 2145 1177 2214 Tu
1191 2167 1298 2227 vero,
1325 2167 1346 2212 ο
1360 2142 1412 2214 fili
1423 2138 1518 2212 senis
1531 2135 1659 2230 Aegei,
1686 2135 1920 2228 complectere

428 2257 503 2312 lere
518 2267 561 2312 ex
579 2241 702 2312 oculis·
1117 2246 1239 2317 'l'uum
1256 2245 1368 2316 lilium
1383 2244 1423 2313 in
1435 2241 1538 2312 ulnas
1556 2253 1591 2310 et
1603 2233 1753 2310 attrahe.

81 2351 172 2438 Nipp.
204 2347 293 2419 Non
316 2346 469 2439 arrrplius
499 2357 552 2415 est
580 2357 661 2416 tuus
690 2352 858 2426 venator,
899 2365 1015 2434 neque
1114 2347 1253 2420 invitm
1267 2361 1347 2418 eum
1364 2341 1569 2440 perdidisti;
1596 2336 1792 2426 „homines

430 2446 604 2518 minister.
1119 2451 1440 2536 „Consentaneum
1457 2457 1509 2516 est
1526 2467 1672 2536 peccare
1685 2441 1764 2512 Diis
1777 2441 2061 2522 immittentibus.

81 2555 155 2623 Dia·
179 2551 288 2630 Nom
315 2551 376 2622 ted
393 2548 543 2618 moreris
560 2547 694 2618 infelix·
1069 2550 1169 2625 1435
1191 2549 1239 2622 Et
1260 2563 1294 2621 te
1317 2547 1513 2633 adhortor,
1554 2557 1596 2617 ut
1624 2557 1700 2616 non
1723 2543 1807 2614 odio
1832 2554 2061 2643 prosequaris

81 2657 171 2744 ffipp.
202 2654 333 2748 Neque
355 2651 510 2743 agitator
531 2673 725 2744 equorum,
759 2670 874 2740 neque
899 2657 1015 2714 eustos
1477 2661 1578 2718 tuum
1601 2660 1763 2741 patrem,
2014 2647 2021 2668 ⁸

21 2759 23 2858 l
439 2766 522 2823 tuae
544 2764 693 2828 statuae·
1118 2749 1341 2850 Hippolyte?
1360 2753 1436 2824 fato
1454 2751 1580 2822 accidit
1597 2763 1631 2818 te
1647 2747 1805 2842 periisse.

21 2861 23 2954 ζ
49 2856 125 2928 1400
147 2863 232 2930 Βία.
262 2857 384 2928 Venus
399 2855 614 2925 veteratorie
632 2855 682 2924 sie
699 2846 900 2920 ruachinata
917 2862 979 2920 est.
1114 2861 1162 2930 Εῑ
1177 2858 1273 2938 v2123
1299 2880 1385 2926 nam
1402 2879 1478 2925 non
1492 2855 1545 2924 tas
1561 2865 1613 2924 est
1625 2846 1716 2921 mihi
1730 2849 1864 2934 intueri
1879 2863 2067 2944 mortuos,

82 2963 171 3053 Ηίρα.
203 2960 290 3032 Heu
317 2955 422 3028 mihi!
463 2959 629 3048 Agnosw
657 2955 794 3037 Deam,
835 2975 927 3046 ‘1¹1³e
959 2977 1017 3022 [Μ’
1116 2964 1243 3058 Neque
1257 2959 1418 3052 polluere
1434 2955 1556 3027 oculos
1570 2951 1687 3025 halitu
1702 2953 1900 3025 morientis.

432 3059 603 3153 perdidit.
646 3113 653 3130 .
1115 3064 1230 3135 Video
1248 3061 1371 3133 teiam
1386 3060 1543 3131 vicinum
1562 3081 1635 3128 esse
1649 3052 1733 3126 huic
1747 3055 1855 3127 malo.

83 3168 155 3237 Βία.
193 3166 333 3261 Questa
355 3175 409 3236 est
429 3165 472 3232 de
498 3156 658 3242 honore,
700 3157 827 3228 infesta
846 3153 912 3226 tibi
936 3153 1015 3238 luit,
1069 3165 1169 3243 1440
1193 3170 1296 3255 mpp,
1322 3161 1370 3234 Et
1384 3174 1424 3232 tu
1439 3161 1518 3230 vale
1535 3171 1642 3253 atque
1657 3161 1767 3243 vade,
1794 3158 1897 3226 beata
1915 3163 2028 3254 pirgo.

434 3265 532 3359 quod
549 3273 664 3334 castus
680 3283 769 3330 eras·
970 3253 975 3264 ⁸
1116 3269 1236 3340 Facile
1257 3265 1391 3336 deseris
1414 3262 1569 3334 amicum
1592 3273 1748 3330 veterem
1769 3260 1878 3350 longo
1908 3287 2057 3336 eonsue-

82 3371 173 3460 llipp.
197 3367 323 3443 Venus
337 3365 511 3459 perdidit,
536 3378 577 3436 ut
593 3363 729 3447 sentio,
755 3386 821 3432 nos
838 3373 918 3432 tres.
1010 3377 1015 3386 '
1184 3410 1189 3420 -
1476 3364 1600 3435 tudine
1622 3375 1888 3442 conversatum

21 3453 23 3558 l
81 3473 155 3544 Dio.
179 3473 330 3544 Patrem
347 3482 382 3540 et
397 3482 431 3540 te
447 3483 482 3542 et
496 3469 639 3540 tertiam
652 3489 799 3540 uxorem
817 3464 940 3556 patris·
1116 3472 1276 3543 Remitto
1294 3470 1435 3563 culpam
1453 3468 1550 3560 patri
1564 3466 1765 3559 postulante
1779 3477 1824 3537 tc.

49 3569 125 3643 1405
147 3580 252 3666 Hipp.
277 3572 437 3666 Deploro
456 3571 692 3642 intortunium
709 3567 832 3660 patris·
873 3571 877 3580 ’
1114 3576 1207 3650 Nam
1225 3587 1260 3643 et
1276 3586 1378 3644 antea
1396 3594 1536 3664 semper
1552 3569 1622 3640 tuis
1638 3567 1884 3662 obtemperavi
1898 3571 2026 3642 verbis.

83 3679 157 3748 Βία.
181 3677 362 3768 Deceptus
380 3688 432 3746 est
447 3673 596 3745 consilio
613 3672 725 3742 Deae.
1117 3675 1273 3769 Heuss),
1299 3676 1398 3746 venit
1413 3669 1503 3744 mihi
1520 3673 1632 3764 caligo
1648 3671 1687 3740 in
1702 3673 1843 3754 oculos,

83 3781 173 3872 Nipp.
188 3779 223 3852 Ο
239 3779 363 3849 infelix
375 3791 478 3873 pater
492 3789 641 3869 propter
656 3769 749 3844 hanc
761 3769 1013 3844 calamitatem!
1068 3778 1168 3856 1445
1191 3777 1322 3871 Accipe
1340 3803 1416 3862 me,
1442 3788 1564 3870 pater,
1591 3786 1626 3844 et
1642 3775 1737 3865 erige
1752 3795 1892 3866 eorpus.

86 3883 172 3956 llo·
196 3881 315 3966 Perii.
340 3882 409 3966 fili,
436 3880 509 3950 vita
526 3892 579 3948 est
592 3871 684 3947 mihi
702 3875 855 3966 instate·
1120 3887 1219 3958 αα...
1243 3879 1323 3950 neu
1337 3875 1446 3962 mihi,
1472 3877 1541 3946 firi!
1565 3863 1757 3969 quaemihi
1772 3877 1858 3947 neu
1873 3872 2030 3944 misero?

82 3987 174 4076 Ilipp.
208 3985 327 4056 Doleo
349 3983 461 4076 magis
481 3995 580 4054 tuam
606 3981 720 4048 vicem
754 3998 863 4070 quam
894 3997 1011 4042 meam
1115 3992 1219 4075 mpp,
1260 3981 1379 4066 perii,
1429 3993 1465 4049 et
1497 3978 1642 4071 quidem
1675 3977 1780 4048 video
1815 3987 1938 4070 portae
1970 3975 2058 4047 infe'.

433 4097 583 4178 propter
597 4078 668 4153 hoc
681 4091 851 4150 erratum.
1475 4102 1613 4149 rorum.

52 4185 128 4258 1410
154 4193 251 4262 ibes.
287 4187 454 4270 Utinam,
495 4187 565 4270 lili,
597 4209 664 4278 pro
688 4196 722 4253 te
745 4177 835 4252 mihi
859 4176 1012 4246 morien·
1119 4191 1217 4261 nee.
1241 4184 1301 4254 An
1316 4182 1468 4254 moreris
1480 4181 1686 4275 relinquens
1702 4182 1877 4274 pollutam
1900 4198 2056 4256 mentem
2105 4229 2108 4237 ·

434 4290 522 4360 dum
542 4288 605 4359 sit!
1478 4283 1620 4355 meam?

84 4395 175 4483 ffipp.
200 4393 234 4465 O
252 4395 347 4463 dona
364 4393 490 4462 acerba
508 4387 710 4484 patrimi,
733 4382 904 4475 Nepluni·
1116 4397 1219 4483 Hipp.
1244 4387 1502 4483 Nequaquam,
1528 4387 1820 4482 quandoquidem
1834 4401 1870 4458 te
1881 4389 1997 4461 libero
2014 4393 2059 4462 ab

90 4497 178 4566 ibes.
222 4496 371 4580 Utinam
405 4515 591 4588 nunquam
631 4490 810 4581 venissent
850 4481 942 4556 mihi
977 4483 1013 4550 iu
1450 4487 1545 4575 ttae
1562 4492 1680 4562 caede,

441 4621 559 4666 meum
581 4595 636 4666 os!
718 4645 722 4651 ,
1038 4673 1040 4678 ,
1068 4594 1167 4669 1450
1196 4598 1294 4668 ibes.
1336 4593 1434 4688 Quid
1463 4591 1539 4662 ais?
1582 4593 1731 4663 dimittis
1763 4618 1819 4664 rue
1855 4593 2004 4662 liberum
2038 4619 2058 4662 a

85 4699 174 4787 Nipp.
200 4697 369 4772 Occidisti
385 4712 508 4769 tamen
522 4723 599 4782 me,
625 4698 715 4766 adeo
733 4707 818 4763 tuuc
834 4715 913 4760 eras
932 4713 1014 4756 cuu-
1477 4696 1579 4786 culpa
1596 4695 1716 4765 necis?

383 4904 392 4920 ι
434 4801 645 4910 pitatusira.
753 4897 775 4914 ..
1067 4855 1272 4870 ..........

94 4901 180 4971 ΠΜ·
206 4901 699 4997 Εῐίῖῐο0)1““0)ῑ3010183
716 4896 805 4966 Dm·
1101 4947 1314 5084 eqiprqqqpu
1330 4946 1414 5000 sorte
1435 4946 1526 5010 essa,
1547 4945 1639 5006 uem
1661 4941 1745 4993 noret.
1765 4941 1882 4992 reuse:
1905 4940 1965 4992 neu
1983 4943 2056 5003 (ru-

81 5145 656 5288 ¹qpqppppgqtgpppffiffqpp·³
678 5141 763 5196 esso.
776 5139 880 5190 ...m
895 5141 944 5197 ‘²
957 5136 1014 5186 ¹⁵¹¹·
1037 5253 1040 5295 Ι
1098 5113 1607 5250 ²⁰l.¹i⁰.⁶;¹¹h;..·,;.idiln'iiili?
1624 5111 1711 5230 tlt?
1725 5111 2056 5247 0111010032

85 5299 124 5366 18)
139 5315 190 5354 uon
206 5305 325 5375 dolente]
350 5307 391 5358 sle
413 5303 606 5366 adtletae,
628 5299 717 5364 tutte
749 5297 846 5346 barn:
876 5291 1014 5355 stopldum
1134 5255 1184 5317 ΗΡ·
1201 5251 1297 5305 πεσών
1315 5290 1322 5303 ·
1342 5289 1348 5303 ·
1367 5293 1375 5306 ·
1395 5254 1431 5310 ‘²⁶
1449 5245 1503 5317 σὲ)·

113 5374 449 5442 percunctantum:
476 5370 681 5432 tnmedloabtlle
713 5366 788 5418 rm:
819 5359 923 5412 emdalt
941 5360 1014 5426 (Εα-
1098 5361 1147 5418 21)
1170 5356 1310 5488 neuhets
1328 5343 1412 5407 mdiu.
1431 5352 1523 5416 tm,
1543 5352 1633 5413 ¹5623
1664 5351 1747 5402 Edltt.
1766 5355 1869 5402 recent.
1896 5349 1942 5414 (=
1961 5353 2055 5416 uunp,

113 5439 159 5501 rip.
176 5433 348 5530 qretn'm),
1137 5416 1195 5494 Αἵ,
1213 5441 1231 5476 α
1277 5427 1353 5492 lieo,
1371 5422 1438 5475 haul

1349 5491 1441 5566 ot·

22 2331 24 2360 l

22 2361 23 2380 t
