4600 5804
59 227 123 300 aas
305 229 312 236 ·
411 173 556 297 exn.¹
589 219 1741 339 5155555555555555555555555555515.“
1987 237 2114 335 55

100 398 141 466 n
154 395 304 489 populus
320 397 475 466 servavit
490 393 555 468 bos
571 414 702 489 pueros
717 400 889 496 Herculis.

100 498 272 594 Repressit
288 499 491 590 superbiam
510 496 722 594 Eurysthei,
747 507 802 574 cni

23 621 33 645 .
57 598 320 674 9551555515
339 613 414 669 erat
432 602 608 672 violenter
624 619 705 676 ante
723 609 787 678 ius.

97 703 281 795 Nunquam
294 701 342 772 sit
354 699 446 772 mibi
463 705 641 795 superbia,

96 803 137 872 Et
152 805 289 875 animus
304 804 590 877 inenarrabilis..

121 1001 361 1101 [Neriton
386 1011 616 1092 5115515115,
650 1010 940 1101 carpetam,

430 1106 627 1208 915555]

91 1248 176 1314 Nun.
218 1244 442 1327 Odomina,
474 1244 572 1316 vides
602 1246 769 1339 quidem,
801 1251 862 1315 sed
895 1262 1013 1320 tamen

442 1341 590 1416 dicetur.
604 1341 608 1350 ¹

89 1443 253 1519 Venimus
272 1429 486 1518 adducentes
502 1447 567 1517 tibi
581 1441 835 1540 Eurystheum,

45 1545 109 1615 939
130 1543 359 1642 Quamquam
378 1551 577 1642 spectaculo
597 1549 790 1640 insperato.

85 1647 272 1742 Nunquam
296 1652 390 1721 enim
408 1651 549 1746 putavit
563 1677 600 1721 se
623 1662 812 1721 venturum
828 1652 867 1720 in
884 1679 1010 1726 manus

433 1765 530 1832 tuas;

84 1847 231 1942 Quando
250 1877 292 1922 ex
310 1851 469 1948 Mycenis
483 1845 671 1924 laboriosis
688 1880 768 1938 cum
785 1855 916 1948 clypeis

82 1950 170 2035 ibat,
192 1955 298 2047 longe
315 1957 453 2026 maiora
469 1956 613 2025 loctunai
631 1955 798 2039 sentiens,

80 2049 370 2148 Expugnatururn
385 2084 421 2128 se
436 2053 612 2134 Athenas;
637 2059 698 2127 sed
715 2059 752 2124 15
768 2057 984 2130 contrarium

42 2151 102 2224 955
124 2157 217 2228 Deus
231 2184 309 2228 rem
328 2159 454 2246 vertit,
477 2173 511 2228 et
525 2157 677 2228 mutavit
690 2159 883 2230 fortunam.
952 2189 954 2197 ·

81 2257 197 2351 Hyllus
215 2259 325 2354 igitur
343 2274 378 2332 et
390 2262 493 2332 fortis
507 2259 624 2330 Iolaus
641 2273 794 2330 statuam

78 2352 163 2431 lovis
180 2361 327 2434 victoris
342 2357 595 2454 triumphalem
612 2373 830 2440 statuerunt;
901 2441 907 2446 ¹

79 2458 161 2530 Mihi
179 2457 399 2536 mandarunt
421 2459 516 2534 bunc
532 2465 578 2533 ad
595 2476 628 2531 te
647 2464 834 2546 adducere,

77 2557 236 2638 Veientes
256 2563 429 2636 delectare
445 2574 547 2635 tuum
564 2563 735 2635 animum.
787 2559 1002 2647 „Namdul-
1039 2560 1049 2586 ‘

436 2668 616 2737 cissimum
632 2679 684 2734 est
730 2735 732 2748 ,

38 2760 97 2832 940
144 2767 322 2851 „Hostem
362 2764 484 2838 videre
525 2794 566 2836 ex
606 2767 698 2836 felici
739 2764 999 2868 infortunatum

188 2949 192 2962 ¹
425 2871 571 2942 factum.

75 2972 141 3040 aa.
173 2971 207 3042 O
232 2973 380 3057 odium,
406 2969 530 3042 venis?
558 2965 828 3063 comprehendit
850 2981 885 3035 te
907 2965 998 3036 Dica

428 3071 600 3142 tandem?

72 3169 225 3244 Primum
251 3173 372 3268 itaque
387 3171 507 3244 flectas
522 3168 592 3243 buc
609 3184 727 3262 caput,

71 3265 113 3340 Et
127 3277 220 3347 ausis
237 3287 319 3345 tuos
335 3271 456 3347 hostes
472 3300 592 3346 coram
610 3271 759 3351 intueri;

73 3370 122 3443 'l'u
138 3377 274 3448 teneris
289 3377 380 3462 iam,
404 3389 527 3448 51555
544 3389 641 3448 tenes
660 3375 823 3466 amplius.

32 3467 93 3542 ⁹45
114 3477 168 3548 Tu
187 3504 223 3550 es
242 3478 328 3579 ilie?
352 3477 452 3573 (volo
471 3479 566 3550 enim
583 3479 706 3550 audire
722 3478 785 3570 te,)

73 3576 137 3668 Qui
160 3606 270 3653 ausus
295 3605 330 3652 es
352 3583 565 3653 contumelia
583 3585 738 3662 allicere,
769 3589 994 3664 qveterator,

436 3709 569 3768 meum,
668 3753 673 3762 ,

70 3777 134 3872 Qui
157 3797 208 3856 est
229 3755 328 3854 nunc
350 3785 553 3880 ubicunque
577 3795 645 3868 est,
677 3778 788 3850 lilium
811 3782 847 3848 in
874 3779 994 3854 multis

425 3885 556 3956 rebus?
720 3969 723 3976 ‚
911 3959 913 3966 .

69 3983 141 4074 Qua
157 3987 196 4057 in
214 4014 257 4058 re
274 4014 349 4058 non
366 3989 514 4060 affecisti
529 4008 608 4058 eum
626 3983 852 4067 contumelia,

69 4083 134 4175 Qui
151 4093 276 4161 vivum
292 4089 419 4162 misisti
433 4089 548 4184 ipsum
567 4087 770 4168 5511515555,

1126 404 1198 496 Qui
1231 415 1373 474 15555
1404 416 1621 480 metuerunt.
1671 406 1837 506 Oportet
1871 433 1904 491 te
1931 427 2059 502 misere

1490 511 1597 595 mori,
1974 548 1978 560 ·

999 635 1002 646 ·
1123 595 1393 678 Ε11555515515
1422 610 1560 690 omnia;
1599 619 1785 705 oportebat
1807 625 1902 694 enim
1922 640 1957 697 te
1980 655 2055 702 non

1478 715 1587 781 semel
1653 746 1657 754 ¹
1698 734 1701 746 ’

1060 801 1147 881 ,960
1171 803 1287 894 Mori,
1313 811 1375 904 qui
1389 823 1529 881 tantum
1544 815 1631 883 mali
1646 819 1780 894 leceris.

1122 915 1220 986 (ibor.
1244 913 1327 984 Non
1342 913 1423 982 licet
1439 914 1538 982 illum
1556 917 1764 995 interficere.
1819 925 1824 930 '
1855 969 1860 989 .

1119 1019 1212 1086 Nun.
1236 1015 1381 1086 Frustra
1399 1016 1507 1106 igitur
1522 1036 1602 1087 eum
1618 1024 1795 1112 captivum
1814 1031 1979 1120 cepimus.
2025 1117 2029 1120 ,

1118 1115 1219 1207 Quae
1236 1142 1320 1187 vero
1336 1118 1391 1187 lex
1409 1113 1576 1208 prohibet
1591 1121 1692 1192 illum
1710 1125 1884 1198 interfici?

1119 1220 1216 1289 dier.
1243 1219 1324 1290 Non
1342 1221 1484 1288 videtur
1500 1221 1719 1314 principibus
1734 1223 1839 1300 huius
1851 1235 2019 1324 regionis.

1065 1315 1140 1388 965
1182 1327 1273 1392 Nem.
1314 1321 1494 1413 Quidnam
1519 1317 1587 1392 boc
1610 1327 1662 1394 rei
1683 1329 1761 1399 est?
1800 1349 1846 1400 55
1867 1337 2046 1409 nonlicet

1344 1443 1348 1450 ·
1473 1422 1875 1508 interlicereinimicos?
1979 1465 1983 1472 ·

1113 1524 1212 1594 utar.
1227 1521 1321 1606 Non,
1333 1546 1437 1617 quem
1457 1525 1636 1597 viventem
1654 1547 1823 1622 ceperum
1838 1537 1874 1604 in
1891 1541 2041 1630 proelio.

1111 1628 1204 1693 Nun.
1227 1623 1273 1703 Et
1289 1621 1376 1694 haec
1394 1629 1533 1694 decreta
1549 1627 1674 1721 Hyllus
1690 1636 1883 1723 probavit?

1113 1727 1210 1796 Cher.
1247 1727 1361 1805 Puto;
1399 1751 1444 1795 an
1470 1749 1542 1794 non
1578 1737 1766 1821 oportebat
1789 1760 1869 1808 eum
1893 1737 2038 1815 obedire

1463 1825 1547 1897 huic
1562 1831 1743 1903 515115111-
1783 1859 1788 1867 ·

1109 1929 1201 1998 Nun.
1243 1926 1319 1996 lmo
1342 1949 1416 1995 non
1441 1933 1629 2019 oportebat
1653 1938 1733 2005 eutii
1758 1939 1896 2026 vivere,
1921 1959 2049 2040 neque

1467 2029 1581 2101 lucem
1600 2038 1753 2128 amplius
1768 2041 1901 2114 videre.

1057 2123 1132 2196 970
1161 2131 1258 2202 carr.
1291 2127 1366 2198 Hoc
1391 2130 1547 2221 primum
1571 2147 1622 2205 est
1640 2151 1736 2209 recte
1760 2141 1909 2230 iactum,
1940 2151 2035 2242 quod
2112 2233 2115 2238 .
2178 2151 2180 2156 ’

1463 2257 1536 2302 555
1554 2249 1606 2306 est
1620 2253 1775 2312 necatus.

1105 2333 1197 2400 Nun.
1228 2332 1285 2399 An
1308 2357 1382 2400 non
1406 2337 1559 2425 amplius
1582 2353 1633 2407 est
1654 2357 1811 2427 rectum,
1843 2351 1928 2417 dare
1952 2373 2034 2420 eum

1461 2439 1642 2526 poenam?

1106 2535 1204 2603 cna.
1227 2533 1372 2603 Nemini
1387 2535 1468 2604 lieet
1484 2538 1680 2612 interficere
1694 2541 1812 2646 istum.

1103 2636 1177 2705 Ala.
1207 2634 1303 2728 Quid
1327 2632 1462 2721 dicam,
1495 2640 1524 2708 si
1551 2643 1644 2713 ausit
1669 2645 1796 2740 aliquis
1818 2665 1899 2718 eum
1923 2651 2044 2723 inter-⁸

1457 2741 1587 2810 ficere?
2012 2757 2020 2769 ''

1103 2839 1200 2909 Gior.
1242 2831 1411 2930 Magnam
1441 2837 1590 2913 babebis
1623 2845 1958 2937 reprehensionem,
2001 2858 2031 2928 si
2090 2879 2092 2885 ’

1458 2939 1694 3018 haecleoeris.

1050 3035 1125 3107 975
1156 3043 1231 3110 Alo.
1266 3047 1358 3112 Amo
1384 3042 1699 3132 humanitatem,
1731 3073 1804 3120 555
1820 3068 2029 3128 esteontra·

1459 3145 1667 3230 dicendum3
1898 3232 1903 3240 Ι

1098 3241 1166 3311 Sed
1183 3237 1298 3324 hune,
1321 3255 1511 3338 postquam
1527 3249 1566 3316 in
1580 3270 1706 3322 manus
1722 3252 1819 3322 venit
1834 3277 1943 3340 mers,

1098 3343 1213 3412 Nemo
1228 3340 1318 3412 mibi
1335 3349 1542 3419 mortalium
1559 3353 1696 3443 eripiet.

1096 3445 1152 3520 Ad
1168 3441 1273 3530 baec,
1288 3441 1447 3542 quisquis
1462 3451 1569 3534 volet,
1585 3454 1680 3523 dicat
1693 3479 1749 3524 me
1763 3480 1836 3526 esse
1852 3459 2024 3540 ieroccm;

1096 3543 1143 3614 Et
1171 3547 1266 3617 dicat
1291 3571 1349 3618 me
1378 3569 1451 3622 esse
1481 3555 1754 3641 animosiorem‚
1790 3581 1897 3651 quam
1924 3563 2025 3632 decet

1445 3656 1637 3726 sentinam:

1045 3745 1120 3818 980
1143 3747 1205 3816 1115
1222 3765 1412 3822 testamen
1430 3777 1451 3821 a
1467 3779 1524 3823 me
1541 3759 1600 3825 liet
1614 3759 1780 3848 perfecta.
1890 3833 1891 3838 γ

1098 3853 1194 3923 uta.
1238 3855 1401 3941 Agnosco
1428 3867 1463 3923 te
1487 3852 1678 3928 vehemens
1703 3872 1738 3928 et
1768 3861 2021 3950 ignoscendum

1449 3956 1574 4026 odium

1093 4051 1233 4120 Habere
1250 4055 1417 4130 adversus
1435 4057 1540 4126 istum
1557 4059 1685 4130 virum.

28 4177 90 4252 95⁰
113 4187 158 4259 Et
179 4194 244 4286 qui
263 4193 390 4264 midai
404 4193 598 4274 mandans,
624 4201 664 4258 ut
685 4187 849 4279 perderet
863 4175 992 4279 hydras
1097 4157 1179 4224 Eur.
1201 4153 1235 4222 Ο
1250 4157 1394 4242 mulier,
1419 4160 1508 4228 bene
1524 4161 1612 4232 scita
1628 4185 1686 4234 me
1702 4187 1776 4234 non
1791 4157 2028 4239 adulatorum

427 4310 462 4365 et
475 4297 629 4374 leonem,
794 4375 797 4382 ,

67 4381 108 4456 Et
122 4386 192 4462 alia
209 4395 323 4464 multa
339 4395 455 4481 mala,
476 4407 567 4494 'quae
585 4391 812 4484 excogitasti?

66 4481 198 4575 Tace03
220 4509 312 4567 esset
329 4498 423 4566 enim
438 4499 544 4589 longa
559 4493 688 4568 oratio.

65 4585 107 4659 Et
122 4595 187 4665 tibi
203 4622 281 4666 non
296 4600 381 4668 satis
396 4599 463 4668 iuit
478 4599 544 4669 ista
565 4599 679 4669 solum
697 4598 840 4676 audere,

64 4689 127 4761 Sed
146 4721 189 4766 ex
205 4699 306 4768 omni
324 4701 472 4771 Graecia
491 4725 548 4768 me
566 4715 601 4768 et
615 4699 745 4766 liberos
753 4694 800 4787 ⁶⁶)

21 4783 86 4860 955
110 4795 311 4892 Depulisti,
336 4805 495 4872 sedentes
511 4800 685 4891 supplices
700 4797 873 4876 Deorum,

63 4891 199 4969 Partim
218 4925 339 4987 senes,
365 4903 497 4996 partim
514 4901 737 4970 infantulos..

63 4993 127 5095 Sed
143 5001 316 5072 invenisti
333 5007 450 5092 viros,
474 5019 508 5076 et
524 5003 700 5073 civitatem
716 4999 877 5078 liberam,

24 5197 221 5221 Ἣ.-

268 5273 277 5290 ⁴
405 5277 409 5296 1
606 5275 612 5300 1

48 5327 94 5395 11)
120 5345 153 5382 er
178 5335 255 5383 omni
273 5333 390 5385 11555515
414 5349 457 5385 ne
483 5339 510 5386 et
526 5333 560 5400 1.]
584 5334 623 5383 rie
652 5331 733 5382 satec.
759 5335 880 5391 reeeot.;
911 5329 993 5380 rotet.

81 5401 173 5464 1119,
194 5401 271 5453 1111.
291 5417 325 5454 ex
343 5405 416 5454 51551
435 5403 629 5464 1150555515,
649 5405 675 5452 et
693 5401 710 5449 1.

1388 4323 1391 4332 ,
1450 4261 1516 4335 tibi
1532 4285 1617 4350 esse,

1044 4353 1118 4428 985
1138 4359 1212 4428 Nec
1230 4360 1422 4455 quicquam
1439 4357 1460 4399 *
1472 4363 1650 4438 dicturum
1667 4369 1806 4440 demea
1823 4373 1917 4452 viu..
1936 4381 1939 4387 ‘

1093 4459 1198 4528 Unde
1226 4477 1390 4552 oporteat
1410 4469 1615 4560 quempiam
1632 4473 1863 4540 condemnari
1888 4474 2020 4540 timidi-

1449 4571 1542 4639 tatis.

1093 4660 1169 4754 Ego
1184 4678 1278 4735 certe
1294 4662 1363 4736 hoc
1379 4683 1559 4739 certamen
1575 4697 1650 4738 non
1665 4673 1816 4739 libenter
1832 4675 1979 4762 suscepi.
2014 4677 2022 4686 '

1094 4764 1179 4834 Sum
1197 4767 1262 4835 tibi
1277 4770 1420 4860 quidem
1436 4783 1542 4840 natus
1557 4773 1801 4854 consobrinus,

1093 4865 1137 4934 Et
1155 4880 1325 4958 cognatus
1340 4881 1402 4938 tuo
1416 4872 1491 4940 lilio
1508 4871 1663 4942 Herculi.

1094 4968 1164 5036 Sed
1180 4969 1253 5040 sive
1269 4969 1451 5054 volebam,
1474 4973 1547 5041 sive
1565 4997 1639 5042 555
1655 4973 1843 5059 volebam?
1860 4977 1934 5046 Dea
1954 4981 2021 5049 1511

1044 5064 1119 5138 990
1140 5067 1250 5151 1555,
1272 5095 1364 5162 quae
1380 5073 1531 5140 coniecit
1545 5100 1604 5146 roe
1621 5077 1659 5144 in
1674 5071 1769 5146 hunc
1782 5081 1959 5151 morbum.

1095 5169 1289 5263 Postquam
1315 5185 1432 5240 autem
1450 5197 1530 5242 cum
1548 5174 1609 5244 illo
1625 5179 1760 5268 suscepi
1785 5179 2020 5265 inimicitiam,

1095 5269 1142 5340 Et
1155 5273 1295 5342 decrevi
1309 5287 1443 5344 certare
1458 5272 1528 5344 boc
1546 5290 1736 5363 certarnen,

1095 5371 1124 5442 F
1126 5374 1163 5443 ui
1180 5375 1397 5466 excogitator
1410 5378 1606 5450 multorum
1622 5383 1814 5489 malorum,
1848 5415 1850 5420 ¹

1349 5505 1352 5514 ,
1437 5474 1516 5549 aa·
