4700 5808
77 253 124 332 25
253 253 393 330 vatl.
441 197 845 328 INTERPRETATli)
870 249 1044 324 OPERIS
1069 249 1466 347 Quanulraurlrt
1483 249 1771 324 PTOLEMAEI
1803 249 1945 324 LlB.1.
2075 249 2127 342 εὖ

80 423 220 508 Tertia,
247 449 327 495 cum
343 425 448 518 vigor
464 425 654 516 languefit,
688 435 724 496 et
743 423 886 496 initium
914 435 967 496 est
989 447 1075 493 con·

82 527 313 618 sumptionis,
350 525 488 600 siccitas
511 528 630 598 maior
657 539 726 599 est:
767 542 807 600 ut
827 527 866 597 in
889 541 1076 599 autumno.

81 631 268 701 Postremo
284 631 453 723 frigidior
472 645 540 702 est:
575 642 616 701 ut
630 626 766 714 hiems,
793 655 886 726 quae
910 631 1075 722 proxima

83 746 131 804 est
153 733 277 803 morti.

175 852 235 922 Sic
250 864 285 922 ει
307 864 464 948 quatuor
483 853 697 944 angulorum
720 862 870 920 naturae
893 850 1077 933 differunt,

81 953 254 1049 aquibus
274 955 395 1039 venti,
436 956 498 1050 qui
529 967 621 1024 totas
646 955 724 1024 illas
744 964 864 1044 partes
887 966 1077 1045 occupant,

81 1057 230 1149 spirant.
309 1057 312 1064 ’

177 1175 378 1246 Orientalis
392 1175 542 1266 angulus
559 1175 687 1246 siccior
703 1185 773 1259 est,
800 1174 904 1269 quia,
931 1199 1011 1244 cum
1026 1173 1077 1250 ibi

79 1279 137 1350 Sol
151 1292 225 1364 est,
251 1303 314 1362 ea,
339 1303 431 1373 quae
443 1290 548 1349 nocte
566 1278 681 1370 rigata
698 1279 861 1360 fuerant,
887 1277 1006 1347 statim
1023 1277 1077 1344 in.

81 1382 219 1475 cipiunt
235 1381 388 1466 arefieri,
414 1381 648 1452 etSubsolani
663 1393 746 1452 suut
760 1379 837 1452 sine
852 1375 1018 1464 humore,
1042 1399 1077 1456 et

79 1485 290 1554 arefaciunt.

176 1601 350 1673 Meridies
370 1600 520 1672 calidior
537 1615 607 1686 est,
634 1602 717 1697 quia
734 1603 797 1672 Sol
821 1603 859 1671 in
883 1602 1004 1672 medio
1025 1603 1077 1670 fa-

75 1705 180 1797 stigio
198 1705 387 1775 ardentior
402 1717 472 1788 est,
499 1719 534 1775 et
549 1705 633 1799 quia
650 1705 823 1775 medietas
849 1705 939 1775 coeli
963 1703 1077 1796 magis

76 1811 118 1878 ad
132 1808 326 1878 meridiem
345 1808 518 1893 declinat,
545 1831 612 1900 pro
639 1809 709 1878 situ
731 1821 866 1891 terrae,
900 1832 992 1902 quae
1013 1803 1077 1877 ha-

75 1913 225 1982 bitatur.
277 1908 439 2004 Suntque
457 1910 582 1981 Austri
599 1910 705 1980 calidi
726 1923 761 1979 et
775 1908 919 1983 rarifici.

178 2028 356 2098 Occidens
386 2023 557 2098 humidus
586 2040 657 2112 est,
697 2027 802 2122 quia,
844 2053 923 2097 cum
946 2027 1008 2097 Sol
1033 2051 1077 2096 eo

76 2131 241 2215 accessit,
262 2127 454 2202 exhaustae
470 2127 702 2202 humiditatcs
720 2131 897 2214 interdiu,
923 2129 1075 2200 diffundi

75 2235 266 2327 incipiunt.
317 2234 479 2326 Suntque
496 2229 653 2327 Zephyri
679 2235 792 2303 teneri
814 2246 849 2304 et
869 2227 1077 2303 humectan-

75 2351 139 2408 tes.
191 2335 327 2406 Arctoa
345 2336 445 2428 regio
460 2329 589 2428 lri'gida
613 2349 684 2420 est,
715 2337 798 2430 quia
823 2361 889 2428 pro
912 2337 982 2408 situ
1006 2348 1077 2405 ter-

76 2465 159 2524 rae,
184 2463 279 2533 quae
297 2436 493 2522 habitatur,
519 2437 726 2530 longissime
745 2441 877 2509 abesta
897 2463 1001 2510 causa
1020 2463 1077 2508 ca-

2 2587 3 2610 i
76 2543 182 2624 loris,
209 2542 374 2612 videlicet
390 2541 482 2612 Solis
496 2543 659 2634 fastigio,
687 2567 766 2612 cum
791 2542 842 2610 ibi
865 2541 912 2610 sit
935 2552 1077 2609 contra-

78 2644 172 2714 rium
196 2645 391 2736 fastigium.
450 2645 613 2740 Suntque
629 2644 769 2715 Boreae
789 2643 910 2736 frigidi
936 2654 972 2713 et
992 2667 1077 2712 con-

80 2749 267 2840 gelatores.

177 2866 275 2935 Haec
290 2863 471 2936 distinctio
487 2865 584 2937 utilis
600 2879 652 2937 cst
668 2867 714 2935 ad
736 2865 983 2938 diiudicandas
1005 2866 1077 2937 sin-

76 2969 257 3062 gularium
283 2967 568 3040 commixtiones.
618 2967 713 3040 Nam
734 2982 885 3062 propter
907 2965 971 3040 has
992 2993 1077 3039 con-

2 3103 3 3144 1
76 3072 281 3144 stitutioncs
302 3083 527 3162 temporum,
555 3071 658 3156 anni,
692 3085 847 3154 aetatum
871 3085 906 3142 et
928 3074 1077 3166 angolo-

2 3241 3 3272 ,
76 3201 178 3259 rum,
202 3169 372 3243 nonnihil
387 3173 531 3243 variant
544 3175 727 3245 stellarum
745 3175 959 3246 affectiones.

176 3293 313 3364 Purior
330 3305 382 3363 est
397 3291 491 3362 enim
510 3293 685 3388 qualitas,
706 3294 914 3364 et'validior
935 3295 975 3363 in
995 3295 1076 3364 loco

2 3407 3 3418 ¹
77 3409 314 3487 congruente:
341 3407 383 3466 ut
401 3396 535 3504 cffidae
558 3395 597 3465 in
621 3395 744 3467 calidis
766 3397 874 3482 locis,
906 3395 1077 3480 humidae

2 3555 3 3568 ,
75 3496 301 3570 inhumidis.
352 3495 395 3569 ln
409 3499 599 3570 contrariis
620 3523 707 3568 vero
730 3499 878 3570 dilutior
902 3525 943 3570 ac
964 3499 1078 3569 imbe-

77 3603 210 3672 cillior:
237 3615 278 3673 ut
292 3603 330 3670 in
345 3602 483 3695 [rigidis
506 3602 593 3671 locis
617 3602 862 3688 calefactivae,
897 3617 932 3672 et
952 3604 990 3672 in
1012 3603 1078 3675 sic-

76 3707 123 3776 cis
139 3701 333 3790 humidae,
360 3719 395 3774 et
411 3705 502 3774 aliae
524 3705 563 3774 in
587 3705 665 3775 aliis
687 3705 872 3791 similiter,
904 3731 972 3799 pro
993 3731 1078 3800 pro·

2 3815 3 3882 f
75 3809 247 3902 portione
262 3819 297 3877 et
311 3808 526 3902 qualitatum
545 3806 813 3879 commixtione.

98 3987 156 4054 De
173 3983 284 4071 siquis
299 3983 453 4070 tropicis,
472 3979 774 4074 aequinoctialibus
788 3989 822 4050 et
836 3981 1053 4070 bicorpores's.

180 4116 247 4188 His
263 4114 451 4208 expositis,
477 4115 721 4184 annectendae
746 4127 849 4184 erant
875 4128 909 4184 ει
930 4130 1079 4188 natura-

78 4221 127 4292 les
141 4217 384 4313 proprietates
398 4218 588 4288 duodecim
603 4217 801 4308 signorum.
852 4214 906 4286 Ac
926 4243 1074 4310 genera-

78 4324 127 4394 les
152 4346 279 4392 eorum
301 4321 396 4392 vires
417 4333 621 4410 congruunt
644 4345 724 4390 cum
747 4320 819 4391 suis
844 4319 1078 4413 temporibus.

78 4428 145 4497 Sed
172 4425 348 4520 quaedam
370 4423 609 4520 proprietates
631 4436 823 4494 sumuntur
846 4449 866 4492 a
891 4425 1078 4496 familiari-

2 4555 3 4558 *
81 4543 150 4598 tate
172 4527 284 4611 Solis,
310 4525 436 4598 Lunae
459 4538 495 4596 et
515 4526 736 4622 reliquarum
759 4527 962 4612 stellarum,
988 4529 1079 4601 sicut

78 4645 201 4724 postea
219 4631 368 4701 dicetur.
420 4628 527 4700 Prius
543 4631 639 4699 enim
657 4629 770 4712 vires,
801 4654 891 4724 quas
913 4655 978 4723 per
1002 4657 1077 4704 sese

80 4749 112 4805 et
129 4757 215 4824 erga
231 4756 306 4803 sese
322 4731 475 4802 invicem
491 4726 645 4816 habent,
673 4732 904 4823 explicandae
922 4749 1017 4807 sunt.

2 4845 3 4848 ’
179 4835 347 4906 Primum
364 4835 554 4906 discrimen
570 4848 621 4906 est
636 4835 837 4925 signorum:
864 4847 906 4906 ut
927 4837 996 4906 alia
1023 4837 1078 4906 di-

2 4919 3 4978 l
78 4953 204 5010 cantur
220 4963 295 5010 esse
308 4938 468 5030 tropica,
502 4939 572 5008 alia
590 4937 886 5032 aequinoctialia,
919 4965 1076 5033 quorum

77 5055 231 5137 utraque
252 5055 336 5112 sunt
364 5039 531 5121 mobilia;
573 5042 702 5112 deinde
735 5041 808 5110 alia
840 5042 963 5126 firma,
1005 5044 1074 5113 alia

77 5145 303 5238 bicorpores.

174 5247 336 5339 Tropiea
370 5260 456 5318 sunt
488 5248 580 5318 duo:
629 5246 835 5340 proximum
868 5269 888 5315 a
922 5245 1075 5318 solstitio

79 5351 232 5440 aestivo,
259 5347 331 5420 hoc
347 5362 418 5435 est,
444 5363 562 5442 partes
576 5348 721 5442 triginta
734 5347 863 5420 Cancri
872 5375 881 5430 ;
904 5362 940 5419 et
955 5349 1076 5441 prori-

79 5477 174 5526 mmn
196 5481 218 5525 a
243 5453 400 5527 solstitio
420 5447 594 5540 bibemo,
627 5465 668 5524 ut
688 5465 810 5546 partes
832 5451 980 5544 triginta
1007 5449 1074 5524 Ca·

1127 422 1300 516 pricos-ni.
1351 422 1416 494 His
1424 415 1450 492 ⁸a
1467 447 1506 493 re
1520 447 1655 494 nomen
1671 422 1825 504 inditum
1848 435 1918 507 est,
1953 425 2126 518 quoniam

1127 527 1210 610 Sol,
1250 523 1314 596 ubi
1335 521 1424 596 haec
1448 525 1626 617 ingressus
1655 539 1726 610 est,
1767 537 1866 596 retro
1892 528 2127 612 convertitur,

1128 629 1272 700 flectens
1303 651 1446 699 cursum
1475 627 1514 697 in
1546 629 1763 698 contrariam
1793 630 2042 714 latitudinem,
2086 631 2127 700 in

1129 729 1269 802 Cancro
1284 741 1453 801 aestatem
1474 731 1641 816 efficiens,
1659 731 1698 800 in
1716 729 1940 823 Capricorno
1955 729 2126 804 hiemem.

1229 849 1323 920 Sunt
1335 861 1370 919 et
1383 851 1661 946 aequinoctialia
1677 853 1766 922 duo:
1794 877 1946 923 vernum
1962 852 2066 924 Aries
2091 865 2127 924 et

1128 954 1336 1024 autumnale
1351 951 1483 1038 Libra,
1511 954 1640 1048 quibus
1655 967 1690 1023 et
1706 955 1826 1045 ipsisa
1850 979 1888 1026 re
1912 979 2046 1025 nomen
2070 956 2127 1024 in·
2251 1035 2256 1058 .

1128 1055 1243 1126 ditum
1260 1067 1331 1140 est,
1358 1056 1463 1150 quia,
1490 1081 1571 1127 cum
1589 1057 1651 1128 Sol
1668 1059 1713 1126 ad
1729 1057 1788 1128 illa
1807 1058 2031 1150 pervenerit,
2060 1081 2128 1151 per

1130 1182 1254 1228 omnes
1270 1170 1383 1230 terras
1401 1160 1565 1253 aequalia
1584 1160 1699 1252 spatia
1713 1173 1797 1230 sunt
1814 1161 1886 1230 diei
1904 1174 1939 1230 et
1951 1160 2079 1233 noctis.

1230 1273 1285 1346 Ex
1300 1276 1447 1372 reliquis
1462 1289 1543 1347 octo
1560 1278 1670 1370 signis
1686 1293 1844 1374 quatuor
1866 1281 1970 1350 firma
1993 1303 2126 1350 vocan·
2224 1309 2225 1312 ¹

1129 1389 1209 1464 tur,
1238 1392 1394 1474 quatuor
1413 1380 1638 1472 bicorpores.

1230 1499 1323 1568 Sunt
1337 1511 1456 1569 autem
1473 1501 1590 1584 firma,
1610 1501 1774 1592 proxima
1792 1503 1939 1594 tropicis
1954 1516 1989 1573 ει
2004 1503 2127 1598 aequi·

1129 1599 1364 1684 noctialihus,
1391 1601 1553 1686 Taurus,
1584 1601 1680 1689 Leo,
1712 1603 1900 1696 Scorpius,
1932 1605 2127 1700 Aquarius,

1121 1695 1227 1798 'quod
1244 1728 1310 1796 per
1323 1699 1454 1774 horum
1471 1717 1655 1798 tempora,
1680 1732 1760 1776 cum
1776 1710 1821 1776 ad
1835 1731 1876 1776 ea
1890 1707 1951 1778 Sol
1969 1711 2125 1793 accessit,

1129 1799 1378 1891 humiditates,
1405 1808 1561 1892 calores,
1588 1808 1763 1880 siccitates
1778 1822 1814 1879 et
1831 1809 2044 1902 frigiditates
2066 1835 2125 1880 ve-

1127 1903 1369 1980 hementiores
1386 1922 1421 1979 et
1433 1910 1611 1982 firmiores
1625 1911 1663 1979 in
1686 1911 1898 2004 corporibus
1920 1913 2053 1985 nostris
2077 1915 2127 1984 el·

1128 2011 1315 2096 ficiuntur,
1340 2035 1416 2081 non
1433 2014 1531 2107 quod
1545 2026 1630 2090 tunc
1652 2017 1745 2086 aeris
1769 2027 1881 2087 status
1907 2041 1970 2088 sua
1995 2028 2126 2086 natura

1128 2115 1174 2185 sit
1187 2113 1403 2206 simplicior,
1428 2117 1490 2186 sed
1509 2115 1593 2210 quia
1611 2119 1704 2188 vires
1720 2116 1934 2212 qualitatum
1950 2143 2052 2188 mora
2073 2121 2125 2189 fo·
2223 2119 2234 2131 '

1129 2216 1229 2288 cilius
1258 2217 1481 2302 sentiuntur,
1523 2230 1716 2314 postquam
1744 2220 1966 2316 aliquamdiu
1990 2220 2127 2294 inistis

1128 2319 1351 2412 temporibus
1368 2321 1499 2392 versati
1514 2347 1648 2394 sumtis.

1229 2438 1450 2531 Bicorporea
1470 2453 1505 2511 et
1519 2441 1714 2511 mediocria
1730 2453 1830 2526 sunt,
1863 2467 1955 2537 quae
1970 2457 2053 2535 post
2066 2445 2126 2512 lir-

1128 2564 1187 2609 ma
1220 2554 1476 2612 numerantur:
1522 2543 1689 2627 Gemini,
1726 2543 1859 2635 Virgo,
1901 2544 2126 2637 Sagittarius,

1128 2643 1259 2716 Pisces.
1338 2643 1431 2736 Quia
1468 2646 1564 2714 enim
1598 2647 1692 2716 inter
1730 2648 1858 2732 firma,
1908 2648 2046 2740 tropica
2091 2661 2126 2718 et

1129 2746 1404 2841 aequinoctialia
1427 2745 1612 2819 interiecta
1637 2763 1738 2834 sunt,
1764 2749 1869 2819 initio
1884 2763 1920 2819 et
1936 2753 2006 2821 fine
2029 2750 2127 2822 simi-

1127 2849 1178 2921 les
1196 2848 1362 2920 cumillis
1382 2845 1531 2922 naturas
1548 2847 1695 2924 habeut.

1290 3023 1346 3092 De
1372 3023 1571 3094 masculinis
1596 3032 1628 3094 ct
1650 3020 1813 3114 femineis
1837 3026 1958 3114 signis.

1230 3157 1423 3228 Praeterea
1452 3183 1513 3230 ser
1538 3160 1640 3252 signa
1675 3161 1918 3232 attribuerunt
1946 3162 2127 3232 masculae

1127 3272 1278 3330 naturae
1294 3271 1330 3331 et
1350 3260 1522 3347 diurnae,
1556 3263 1778 3359 totidemque
1801 3261 1977 3334 femineae
2001 3277 2038 3334 et
2060 3288 2128 3334 no-

1129 3375 1288 3437 cturnae.
1340 3363 1442 3434 Ordo
1458 3378 1577 3437 autem
1593 3367 1748 3438 traditur
1763 3367 1975 3452 continuus,
2001 3381 2042 3438 ut
2055 3367 2128 3438 diei

1129 3490 1203 3536 nor
1219 3467 1386 3537 adiuncta
1407 3479 1479 3552 est,
1506 3482 1541 3538 et
1557 3469 1737 3562 copulatio
1753 3471 1952 3542 necessaria
1977 3483 2030 3542 est
2049 3493 2127 3540 ma·

1128 3570 1179 3639 ris
1208 3582 1243 3639 et
1270 3571 1439 3640 feminac.
1509 3573 1546 3642 Si
1578 3571 1687 3663 igitur
1716 3586 1878 3644 sumatur
1906 3573 2050 3644 initium
2081 3573 2126 3643 ab

1128 3671 1271 3757 Ariete,
1310 3685 1459 3765 propter
1482 3699 1623 3759 causas,
1661 3701 1750 3770 quas
1772 3675 1945 3761 diximus,
1977 3675 2069 3746 sicut
2092 3688 2129 3746 et

1129 3776 1307 3846 masculus
1329 3774 1538 3846 dominator
1560 3803 1602 3846 ac
1622 3779 1724 3870 prior
1746 3793 1820 3865 est,
1862 3779 1944 3874 quia
1969 3778 2125 3848 activum

1129 3901 1271 3970 semper
1294 3878 1394 3970 prius
1414 3892 1468 3949 εει
1486 3880 1640 3972 passivo.
1704 3882 1807 3952 Aries
1832 3895 1867 3952 et
1886 3881 1995 3950 Libra
2020 3893 2127 3950 erunt

1131 3981 1286 4050 mascula
1302 3994 1337 4050 et
1361 3982 1503 4064 diurna.
1562 3979 1709 4054 Accedit
1729 3979 1819 4069 hirc,
1853 3985 1950 4078 quod
1975 3982 2127 4054 circulus

1130 4082 1347 4178 aequinoctii
1365 4107 1430 4175 per
1446 4081 1534 4154 haec
1553 4087 1770 4178 descriptus,
1804 4087 1960 4182 primam
1982 4101 2018 4156 et
2039 4086 2127 4156 vali·
2159 4145 2160 4149 ,

1130 4185 1312 4258 dissimum
1343 4186 1505 4257 omnium
1536 4189 1768 4280 agitationem
1801 4189 1917 4260 efficit.
1986 4191 2043 4262 Ab
2069 4185 2126 4260 his

1130 4289 1299 4360 continua
1319 4290 1409 4360 serie
1427 4291 1632 4362 masculinis
1648 4293 1820 4362 feminina
1838 4292 2087 4364 subiiciuntur.

1230 4407 1405 4480 Nonnulli
1420 4436 1506 4480 vero
1525 4413 1719 4483 masculina
1735 4415 1856 4504 signa,
1890 4413 1935 4482 ab
1958 4413 2128 4482 orientali

1129 4511 1245 4602 signo,
1272 4515 1370 4607 quod
1387 4507 1603 4606 ὠρόσκοεεος
1618 4516 1761 4600 dicitur,
1786 4515 1989 4585 nominant.
2026 4515 2126 4585 Sicut

1129 4613 1224 4685 enim
1248 4615 1359 4710 aliqui
1385 4608 1607 4708 tropicarum
1632 4617 1737 4688 initia
1766 4632 1914 4690 sumunt
1942 4643 1962 4686 a
1986 4615 2126 4687 Lunari
2190 4640 2192 4646 ’

1129 4716 1283 4802 circulo,
1324 4719 1422 4813 quod
1453 4721 1658 4791 celerrimae
1678 4720 1751 4792 sint
1773 4720 1898 4791 Lernae
1921 4719 2126 4792 conversio-

1129 4845 1211 4891 nes:
1249 4820 1357 4892 sicet
1381 4823 1537 4893 mascula
1559 4823 1659 4915 signa
1685 4825 1859 4894 ordienda
1883 4824 2034 4893 suntab
2058 4819 2126 4893 ho-

1128 4947 1301 5015 roscopo,
1340 4939 1489 5017 propter
1511 4925 1763 4998 Subsolanum.
1829 4924 1904 4996 lam
1934 4921 1972 4996 hi
2002 4951 2126 4999 rursus

1128 5025 1298 5096 continua
1329 5027 1420 5098 serie
1448 5028 1542 5100 vices
1571 5029 1852 5100 masculinorum
1879 5043 1914 5100 et
1933 5029 2126 5101 feminino·

1127 5153 1209 5200 rum
1231 5128 1465 5202 constituunt.

1228 5249 1302 5319 Alii
1330 5262 1446 5322 totum
1480 5249 1652 5322 circulum
1686 5251 1724 5322 in
1754 5255 1972 5348 quadrantes
1997 5245 2126 5325 divise·

1126 5363 1232 5437 runt,
1258 5375 1300 5422 ac
1312 5353 1490 5424 matutina
1506 5366 1542 5424 et
1556 5356 1715 5426 mascula
1733 5356 1779 5425 ab
1794 5352 1997 5449 horoscopo
2013 5379 2126 5451 usque

1127 5455 1173 5525 ad
1190 5454 1349 5528 medium
1368 5457 1458 5526 coeli
1476 5458 1719 5544 constituunt,
1751 5471 1788 5528 ει
1811 5455 1867 5530 his
1891 5456 2055 5552 opposita
2080 5459 2126 5528 ab
