4600 5804
228 237 303 314 sar
804 207 929 290 run..
963 209 1076 289 unc.
1109 211 1315 288 sentam
1346 207 1689 286 remuneres.

1329 388 1447 481 Quam
1465 399 1541 456 tum
1559 381 1745 476 magnifiee

1328 487 1478 558 Troiam
1500 485 1681 570 exaltasti,
1707 505 1787 553 cum
1808 481 1886 554 Diis

1279 587 1354 664 845
1380 588 1600 660 Affinitatem
1619 587 1779 678 iungens.

1328 691 1422 764 lovis
1439 692 1560 785 itaque

1327 793 1507 866 Prohrum
1525 816 1600 862 nun
1615 788 1768 881 amplius
1786 786 1913 857 dicam.

1329 893 1593 988 eandidaeffl)

1329 999 1411 1068 Diei
1420 999 1487 1096 ⁶⁵),
1513 1009 1635 1088 gratae
1651 987 1860 1062 hominihus

1281 1098 1355 1173 850
1381 1101 1520 1171 Lumen
1536 1097 1683 1170 noxium

1330 1205 1430 1274 Vidit
1443 1216 1603 1274 nostram
1620 1213 1774 1277 terram,
1799 1191 1888 1260 vidit

1330 1309 1588 1398 Pergamomm
1608 1298 1775 1378 exitium,

1330 1410 1475 1478 liabens

1329 1511 1384 1582 Ex
1399 1507 1467 1581 hac
1480 1522 1575 1578 terra
1589 1503 1760 1574 maritum
1773 1499 1812 1566 in
1826 1491 2012 1576 thalamis,
2036 1515 2134 1584 qoem

1282 1609 1355 1686 855
1380 1612 1570 1684 Astrorum
1586 1603 1819 1700 quadriiugos
1833 1596 1951 1667 avexit

1328 1717 1467 1787 Aureus
1485 1735 1609 1784 currus
1621 1707 1765 1800 rapiens

1329 1820 1437 1911 Spem
1455 1815 1594 1908 patriae

1243 1977 1245 1982 .
1331 1922 1512 2012 Magnam.
1564 1915 1724 1988 Deorum
1749 1929 1833 1978 vero

1329 2025 1480 2093 Amores
1495 2022 1641 2090 luemnt
1657 2012 1800 2084 inutiles
1815 2003 1961 2076 Troiae.

1307 2156 1580 2259 [Menelaum
1607 2151 1801 2229 Hecuba,
1828 2143 2015 2223 Helena,
2043 2128 2212 2228 atores]

1282 2279 1357 2350 860
1382 2279 1479 2349 Men.
1507 2273 1542 2343 0
1557 2270 1715 2342 lucidum
1732 2265 1836 2334 iubar
1856 2259 1959 2340 solis,

1331 2377 1371 2448 ln
1389 2404 1461 2472 quo
1478 2399 1625 2446 uxorem
1643 2393 1759 2440 meam
1777 2365 1916 2456 capiam

1331 2482 1502 2550 Helenam
1514 2507 1537 2559 ς·
1550 2474 1608 2547 hic
1623 2474 1733 2556 enim,
1760 2468 1822 2563 qui
1838 2465 1995 2536 multum
2012 2455 2168 2538 laboravi,
2188 2475 2233 2542 ego

1330 2583 1515 2654 Menelaus
1530 2605 1629 2661 som,
1657 2588 1692 2646 et
1708 2569 1767 2642 hie
1782 2582 1834 2640 est
1852 2563 2028 2638 exercitus
2043 2555 2233 2632 Achivomn.

1330 2686 1565 2756 Venientem
1593 2681 1640 2749 ad
1661 2676 1810 2747 Troiam
1838 2694 1932 2749 non,
1973 2661 2233 2758 quemadmodum

1692 2785 1841 2870 putant,

1283 2885 1356 2964 865
1382 2887 1543 2958 Mulieris
1574 2888 1699 2962 causa;
1748 2879 1809 2948 sed
1840 2887 1995 2968 propter
2028 2870 2153 2947 virum,
2192 2858 2235 2952 qui

1687 3007 1728 3054 ex
1749 2979 1837 3050 meis

1332 3097 1488 3168 Aedibus
1505 3089 1692 3180 coniugem
1706 3083 1813 3155 fallax
1827 3077 1958 3169 hospes
1979 3073 2106 3168 rapuit.

1331 3200 1393 3272 llle
1409 3220 1506 3268 nune
1520 3191 1619 3264 dedit
1637 3211 1792 3282 poenam
1807 3179 1886 3251 Deo
1903 3180 2068 3260 volente,

1333 3303 1377 3372 Et
1388 3302 1467 3410 ipse
1483 3310 1517 3367 et
1532 3293 1648 3388 patria
1665 3290 1780 3360 Marte
1795 3285 1951 3375 collapsa
1969 3271 2183 3352 Graecanico.
2277 3253 2278 3284 ¹

1332 3403 1447 3473 Venio
1469 3423 1556 3468 vero
1581 3417 1677 3465 nunc
1700 3393 1804 3460 istam
1830 3385 2034 3454 Lacaenam
2061 3381 2144 3476 (non
2164 3365 2234 3438 enlm

1689 3493 1842 3562 libenter

1282 3607 1358 3682 870
1382 3605 1523 3676 Nomen
1538 3599 1672 3682 uxoris,
1699 3617 1790 3688 quae
1806 3591 1992 3687 quondam
2008 3585 2085 3668 fuit,
2110 3567 2235 3690 appello)
2277 3599 2278 3680 l

232 409 307 486 800
332 403 530 476 Caelestem
550 415 742 473 coronam,

283 506 552 601 Pinguihusqne
569 500 674 568 decus
689 488 858 583 Athenis)

283 613 343 684 Tu
358 609 538 703 profectus
553 625 590 672 es
605 623 685 669 cum
703 594 920 664 arcitenente

281 712 456 792 Hercule,
480 703 587 778 simul
601 724 677 771 rem
696 709 875 789 gesturus,

283 817 481 887 Eversurus
500 805 625 886 llium,

234 917 308 994 805
333 917 471 988 Urbem
491 921 674 985 nostram,

282 1027 418 1100 Antea,
446 1013 592 1109 quando
610 1001 740 1076 venisti
753 1025 796 1070 er
811 997 979 1076 Graecia;

534 1120 850 1222 [Antietropbe
878 1117 935 1208 1.]

286 1257 440 1358 Quando
458 1245 606 1323 adduxit
619 1238 799 1338 principio
819 1236 990 1309 Graeciae

237 1391 238 1396 ’
285 1364 421 1442 Decus,
448 1351 678 1425 defraudatus
695 1342 816 1437 equis,

285 1466 333 1538 Et
351 1465 394 1532 ad
410 1463 480 1530 late
497 1455 667 1524 liuentem
682 1446 866 1516 Simoenta
885 1464 1012 1510 navem

236 1571 311 1644 810
337 1563 469 1637 Statuit
483 1556 680 1634 marinam,

283 1672 330 1742 Et
346 1662 530 1759 suspendit
544 1659 711 1728 rudentes
726 1645 922 1741 puppium,

283 1774 332 1844 Et
348 1768 479 1840 exemit
493 1787 535 1832 ex
547 1756 700 1828 navibus
715 1750 860 1841 sagittas

285 1864 527 1945 Laomedonti
542 1859 686 1940 letales,

120 2053 123 2060 .
285 1977 331 2047 Et
348 1969 515 2044 aediliciis
529 1957 713 2034 exstructis
733 1952 852 2043 regula
870 1945 1019 2020 Phoebi.

236 2076 311 2158 815
337 2076 431 2168 Ignis
447 2093 533 2141 vero
550 2063 700 2158 punicea
720 2057 865 2124 flamma

284 2179 425 2252 Evertit
441 2173 624 2264 regionem
643 2161 790 2232 Troiae.

283 2285 345 2354 nis
362 2279 498 2350 duabus
513 2269 629 2342 ruinis
648 2258 791 2334 moenia

288 2387 389 2458 Circa
406 2377 557 2450 Troiam

286 2489 442 2559 Cruenta
459 2498 578 2574 pugna
602 2468 740 2544 evertit.

578 2585 796 2690 [Stroplte
821 2574 887 2674 2.]

236 2731 311 2804 820
336 2722 484 2792 Frustra
505 2711 634 2801 igitur,
661 2703 740 2774 oin
755 2696 872 2770 aureis

287 2814 582 2898 Pocillationibus
599 2805 755 2877 molliter
770 2800 937 2868 incedens

287 2914 544 2998 Laomedontis
566 2908 636 2992 fili,

286 3029 381 3100 lovis
395 3021 505 3093 habes
522 3013 671 3086 calicum
679 3005 727 3104 ⁶²)

285 3127 553 3224 impletionem,
580 3105 860 3208 pulcherrimum
883 3095 1049 3167 officium.

236 3234 312 3320 825
336 3234 430 3306 Nam
447 3247 538 3322 quae
553 3233 586 3290 te
604 3211 727 3310 genuit
742 3204 873 3287 Troia,

287 3338 371 3431 lgne
387 3325 601 3401 incenditur.
715 3405 720 3413 ι

287 3440 427 3511 Littera
442 3428 583 3502 marina
600 3418 776 3493 sustinent
785 3409 852 3504 ⁶⁸),
879 3413 1053 3499 quantum

284 3541 397 3613 Filius
414 3558 480 3627 pro
499 3523 706 3622 parentibus
724 3515 865 3583 clamat.

195 3693 220 3706 --
238 3646 314 3728 880
339 3640 441 3712 Aliae
457 3633 615 3704 clamant
631 3618 793 3695 maritos,

288 3747 389 3820 Aliae
405 3739 557 3818 liberos,
583 3726 674 3798 aliae

290 3850 424 3921 Matres
442 3859 553 3912 senes.

288 3953 368 4024 Tua
387 3969 472 4017 veto
491 3935 611 4008 rorida
628 3930 792 4002 lavacra,

287 4053 336 4126 Et
352 4043 621 4143 gymnasiorum
642 4049 763 4100 cursus
780 4014 975 4110 perierunt.

240 4154 315 4234 885
341 4153 401 4221 Tu
418 4170 503 4216 veto
518 4135 708 4210 iuvenilem
724 4123 850 4195 faciem

289 4243 538 4337 venustaress)
555 4237 651 4337 apud
666 4227 760 4300 lovis
777 4221 894 4294 sedern

289 4353 434 4432 Placide
453 4346 528 4416 alis.

290 4452 430 4536 Priami
445 4470 532 4518 vero
548 4455 684 4511 terram
789 4489 794 4506 ,

1332 3710 1576 3782 Abducturus3
1603 3703 1641 3770 in
1655 3695 1723 3768 hae
1738 3696 1833 3764 enim
1849 3699 1959 3762 domo
1978 3713 2057 3759 cum
2073 3683 2200 3774 captim
2277 3691 2278 3766 t

1332 3815 1602 3882 Annumcratur
1621 3799 1700 3872 aliis
1715 3796 1883 3869 Troianis
1899 3790 2118 3863 mulieribus.

1333 3913 1406 4007 Qui
1423 3911 1516 3981 enim
1535 3933 1612 3977 eam
1629 3910 1931 3994 recuperaverunt
1944 3896 2059 3975 hello,

1331 4015 1518 4084 Dederunt
1528 4005 1616 4078 mihi
1629 4002 1926 4078 interficiendam
1943 3997 2019 4068 sive
2028 4014 2099 4063 non
2108 3981 2190 4055 occid

1697 4223 1843 4277 terram.

1332 4315 1425 4390 Mihi
1439 4341 1525 4388 vero
1541 4318 1722 4385 decretum
1740 4323 1792 4381 est
1808 4309 1882 4378 eius
1898 4330 2023 4378 necem
2041 4301 2098 4374 hie

1332 4423 1527 4504 Omittere,
1552 4418 1611 4489 sed
1629 4411 1759 4485 vehere
1777 4436 1856 4480 eam
1874 4409 1960 4478 navi

2194 3995 2237 4046 ens
2277 3971 2278 3998 ³

1283 4114 1357 4188 875
1390 4115 1507 4184 Velim
1541 4136 1620 4184 eam
1656 4108 1830 4178 abducere
1864 4103 1996 4171 iterum
2031 4101 2067 4168 in
2099 4091 2236 4182 argivam

1332 4523 1374 4596 ln
1389 4521 1597 4602 Graeciam,
1623 4530 1657 4586 et
1672 4515 1724 4584 ibi
1740 4537 1818 4583 eam
1834 4514 1920 4582 dare
1938 4501 2200 4579 interficiendam

291 4566 429 4640 Graeca
447 4543 603 4646 perdidit
615 4555 747 4632 pugna.

1334 4627 1406 4697 pm
1427 4647 1545 4717 P⁰01la
1571 4621 1634 4707 ils,
1679 4618 1741 4712 qui
1770 4614 1905 4685 mortui
1935 4612 2008 4684 sint
2035 4607 2125 4700 apud
2150 4597 2239 4666 llium

530 4646 851 4766 [Antistroplte
877 4631 941 4734 2]

243 4807 319 4881 840
349 4798 529 4870 Ohmor,
1690 4719 1824 4790 amicis.
2277 4701 2278 4736 l

292 4905 365 4998 Qui
381 4900 427 4968 ad
443 4887 594 4962 Troiam
612 4879 699 4950 olim
715 4863 845 4942 venisti
2213 4893 2238 4912 Η

290 5004 368 5076 1...
510 4988 684 5062 a...
1317 4911 2130 5057 “actaeaereassumam
2147 4895 2238 4954 Μ’·

1320 5083 1392 5150 w)
1411 5081 1566 5140 Candldee]
1585 5077 1627 5128 sle
1643 5075 1745 5138 scripsl
1764 5075 1871 5135 (Eurlp.
1894 5067 2091 5132 tevxomtpov,
2108 5059 2172 5110 nin:
2189 5057 2237 5098 tlt·

1353 5153 1423 5205 titis
1440 5151 1493 5201 alis
1512 5147 1695 5208 instructeo);
1721 5143 1807 5196 natet.
1824 5141 1914 5208 taes,
1935 5139 2010 5188 ¹562.
2029 5129 2149 5187 cantito.

1032 5223 1136 5330 'ausc
1163 5245 1238 5325 repr,
1319 5240 1368 5305 aa)
1386 5236 1462 5298 orer]
1486 5229 1682 5284 inrevocata
1708 5239 1793 5294 marg.
1812 5227 1896 5277 nean.
1917 5223 2008 5286 casa,
2035 5216 2105 5270 uss
2129 5198 2236 5271 urenae

1045 5322 1053 5338 ¹
1355 5312 1400 5359 est
1417 5303 1574 5356 annotattos
1602 5299 1679 5350 Diem
1697 5307 1746 5358 pro
1764 5299 1875 5347 aurore
1892 5294 1977 5354 dtxtt,
2000 5287 2042 5340 eni
2058 5281 2161 5336 nerito
2176 5271 2235 5328 00·
