4600 5804
39 195 107 270 aar
470 180 624 256 nxnn
681 147 1079 261 urunrnurnno
1110 183 1339 260 crcoorrs
1371 187 1624 269 uunumrs.
1857 199 1865 222 ·
1988 209 2064 284 393

87 368 195 456 Ulpee.
219 355 267 430 Et
282 355 412 428 deinde
427 367 462 424 et
476 368 512 425 te
526 369 562 426 et
577 356 711 430 andros
726 370 761 428 et
775 383 896 430 senem
1121 359 1220 432 Affer
1236 355 1345 444 mihi,
1370 358 1521 456 hospes,
1548 367 1636 437 aller
1652 381 1768 442 utrem
1787 400 1829 446 ex
1846 389 1962 451 antro.

39 467 106 542 465
130 464 171 536 ln
183 461 285 533 navis
298 461 422 552 nigrae
439 481 562 528 cavam
579 459 755 532 collocans
769 457 965 554 scapham,
1123 465 1221 536 Ultor.
1246 459 1442 535 Pulchrum
1459 469 1571 542 oculis
1584 472 1709 544 videns

81 566 288 662 Duplicibus
302 563 411 634 remis
426 585 469 630 ex
483 557 553 630 hau
564 564 762 634 emitterem
779 577 886 636 terra.
1071 562 1146 636 510
1171 563 1225 636 Ex
1244 562 1392 658 pulchra
1408 573 1587 660 egreditur
1602 576 1695 646 aula.

82 677 176 748 Glor.
203 667 284 738 Erit
299 666 408 758 igitur
423 676 596 756 tanquam
615 690 657 734 ex
671 667 814 738 loedere
830 666 920 749 Dei,
1118 669 1229 740 Amat
1243 668 1372 763 aliquis
1390 696 1468 742 nos.
1507 737 1514 750 ,
1641 733 1645 748 ,

81 775 125 846 Et
138 797 203 866 ego
223 770 394 862 accipiam
415 781 659 838 excaecantem
677 771 798 858 oculos
1122 769 1220 840 Sicut
1233 767 1354 864 lychni
1369 774 1504 844 incensi
1520 780 1684 850 ardentes
1692 779 1760 876 ²⁴),
1790 795 1890 856 tunm

81 879 250 955 Torrem3
278 871 395 942 caedis
414 871 508 938 enim
525 865 630 942 buius
644 871 760 943 socius
779 897 852 943 esse
868 873 963 942 volo.
1121 873 1279 966 Corpus,
1306 889 1341 948 et
1355 878 1446 948 sicut
1464 890 1586 950 tenera
1602 880 1763 976 nympha

38 983 104 1054 470
135 981 245 1072 Ulyar.
278 975 329 1046 lta
348 997 491 1044 necesse
509 986 580 1056 est,
606 975 690 1068 quia
706 999 856 1067 magnus
872 987 924 1046 est
946 986 1020 1042 tor·
1121 973 1218 1046 Inter
1231 977 1353 1050 rorida
1367 983 1484 1052 antra.

150 1083 220 1165 ris,
248 1071 354 1173 quem
372 1091 406 1147 te
426 1076 532 1146 simul
547 1073 849 1168 comprehendere
867 1089 1019 1170 oportet.
1072 1076 1147 1152 515
1174 1079 1399 1168 Coronarum
1416 1107 1502 1154 vero
1518 1106 1592 1152 non
1607 1107 1701 1156 unus
1718 1089 1817 1157 color
1914 1092 1918 1098 ’

82 1187 176 1257 (litor.
205 1183 384 1254 curruum
402 1191 544 1250 eentum
563 1181 696 1269 possim
715 1183 840 1252 tollere
857 1183 1019 1274 pondus,
1123 1182 1226 1253 Circa
1245 1195 1348 1255 tuum
1363 1199 1472 1278 caput
1485 1187 1557 1254 iarn
1577 1185 1647 1255 cito
1665 1189 1743 1260 erit.

80 1287 116 1356 Si
132 1285 297 1381 Cyclopis
314 1286 407 1354 male
424 1283 575 1374 perituri
659 1373 663 1381 ⁸
1126 1287 1235 1378 Ulyra.
1261 1286 1432 1380 Cyclops,
1458 1288 1563 1374 audi,
1589 1290 1672 1383 quia
1696 1316 1760 1382 ego
1778 1293 1908 1367 Bacchi

81 1389 253 1473 Oculum,
287 1400 460 1480 tanquam
483 1385 608 1454 nidum
637 1409 845 1476 vesparum,
887 1385 1019 1494 poteri·
1121 1389 1236 1460 Huius
1252 1391 1414 1461 minister
1426 1417 1525 1474 sum,
1553 1417 1658 1485 quern
1674 1395 1869 1467 bibendum
1886 1403 1969 1472 dedi
1985 1404 2061 1476 tibi.
2173 1389 2176 1398 Δ

439 1513 519 1558 mus
539 1488 681 1556 elidere.
892 1499 906 1586 J
1122 1495 1211 1586 Gyel.
1237 1487 1397 1564 Bacchus
1414 1519 1499 1564 vero
1519 1495 1597 1587 quio
1611 1495 1709 1567 Deus
1724 1501 1895 1590 putatur?

84 1595 191 1685 Ulyar.
220 1593 352 1662 'Pacete
366 1615 480 1670 nunc;
514 1590 701 1661 consilium
719 1589 813 1658 enim
828 1591 942 1674 scitis,
1072 1590 1147 1668 520
1178 1597 1287 1687 tityre.
1314 1595 1491 1668 Maximus
1510 1592 1715 1669 hominibus
1732 1603 1778 1670 ad
1804 1604 2061 1681 iucunditatem

41 1692 104 1770 475
130 1693 175 1764 Et
191 1698 336 1789 quando
356 1695 460 1765 iubeo
484 1692 783 1784 gubernatoribus
1480 1699 1586 1770 vitae.

82 1799 232 1878 Parere;
260 1821 325 1888 ego
341 1796 436 1865 enim
454 1795 551 1866 viros
566 1795 773 1888 relinquens
788 1793 935 1880 charos,
1125 1801 1214 1891 Gyel.
1240 1799 1372 1870 Eructo
1386 1802 1495 1892 igitur
1511 1827 1592 1870 eum
1610 1804 1767 1873 suaviter
1783 1829 1860 1896 ego.
1898 1864 1903 1878 .

83 1899 151 1992 Qui
167 1902 263 1972 intus
278 1911 379 1983 sunt,
405 1920 480 1966 non
495 1899 578 1968 volo
594 1896 691 1968 solus
705 1900 867 1971 evadere.
1126 1905 1236 1993 Ulyea.
1280 1903 1378 1975 Talis
1405 1902 1502 1975 Deus
1533 1917 1604 1986 est,
1644 1907 1825 1976 neminem
1859 1909 1970 1980 laedit
1997 1906 2063 1981 ho·

83 2002 309 2098 Quamquam
333 2024 473 2095 possem
497 1999 671 2090 effugere,
706 2012 740 2068 et
762 2025 919 2094 egressus
940 2028 1018 2076 sum
1482 2006 1633 2079 minum.

436 2127 479 2172 ex
499 2104 593 2171 antri
608 2101 765 2192 angulis;
1123 2109 1212 2202 cycl.
1247 2105 1343 2178 Deus
1378 2109 1416 2177 in
1445 2121 1525 2179 utre
1553 2110 1735 2202 quomodo
1759 2111 1911 2186 laetatur
1938 2115 2063 2186 vinum

84 2209 148 2276 Sed
166 2207 338 2279 iniustum
356 2218 408 2276 est
424 2205 684 2298 relinquentem
701 2207 815 2278 socios
833 2231 953 2295 meos,
1480 2207 1638 2282 babens?
1914 2279 1918 2286 ,
2024 2229 2031 2236 ’

44 2307 108 2380 480
133 2309 220 2380 Cum
240 2310 369 2404 quibus
386 2309 468 2377 veni
484 2304 572 2391 huc,
600 2307 754 2400 effugere
768 2309 896 2382 solum.
1124 2313 1233 2400 Ulyaa.
1259 2310 1472 2406 Ubicunque
1487 2313 1590 2405 ponit
1606 2313 1747 2408 aliquis,
1770 2318 1819 2386 ibi
1835 2330 1887 2390 est
1901 2319 2066 2393 libenter.

86 2414 177 2484 otor.
203 2413 280 2503 Age
297 2411 542 2506 quisprimus,
569 2411 649 2503 quis
664 2434 750 2480 vero
767 2426 847 2503 post
862 2415 1019 2506 primum
1073 2409 1147 2483 525
1176 2415 1266 2502 Gyel.
1300 2413 1383 2483 Non
1409 2428 1553 2506 oportet
1575 2414 1691 2486 Deum
1717 2443 1846 2512 corpus
1869 2416 2000 2492 habere
2027 2425 2064 2493 in

85 2513 279 2585 Ordinatus
294 2527 427 2584 torrem
446 2511 597 2602 ignitum
617 2507 768 2596 vehens,
1483 2517 1644 2606 pellibus.

85 2613 173 2686 lntra
191 2617 359 2712 Cyclopis
376 2615 563 2708 palpebras
578 2614 785 2698 intrudens,
1128 2617 1237 2707 Ulyaa.
1266 2615 1382 2708 Quid,
1409 2618 1439 2690 si
1457 2631 1492 2688 te
1510 2618 1631 2690 vinum
1656 2620 1826 2707 delectat,
1860 2648 1907 2692 an
1932 2626 2066 2698 utricu-

46 2715 108 2789 485
132 2719 278 2790 Clarum
297 2720 438 2789 oculum
454 2716 676 2808 perforabit?
726 2711 902 2792 *Semtet
929 2719 1020 2790 Can·
1486 2721 1541 2792 lus
1554 2734 1589 2791 te
1606 2723 1779 2793 offendit?

433 2821 542 2890 ticum
562 2834 614 2890 cst
630 2820 745 2901 intus;
1124 2825 1214 2913 Gyri.
1242 2820 1313 2890 Odi
1330 2833 1465 2908 utrem,
1492 2827 1554 2896 sed
1571 2838 1695 2916 potum
1711 2851 1792 2897 amo
1809 2826 1929 2901 istum.

86 2923 194 3010 Tace,
220 2937 312 2994 tace.
364 2920 476 3016 Atqui
499 2924 618 2994 ebrius
1128 2927 1237 3014 Ulprr.
1274 2923 1423 2998 Manens
1450 2927 1559 3018 igitur
1582 2923 1640 2997 bic
1661 2929 1761 3012 bibe,
1802 2943 1837 2999 et
1859 2929 1905 3002 sis
1930 2927 2067 3016 hilaris,
2102 2973 2108 2980 ·

87 3023 247 3119 lneptum
264 3049 411 3094 carmen
431 3048 562 3096 canens
1484 3030 1648 3122 Cyclops.

87 3129 208 3216 Teter,
241 3128 415 3200 absurdus
433 3139 468 3196 et
482 3127 689 3218 ploraturus
1123 3130 1210 3220 (lyci,
1241 3128 1323 3200 Non
1340 3143 1485 3221 oportet
1498 3157 1555 3201 me
1575 3131 1745 3200 fratribus
1767 3127 1863 3201 hunc
1883 3131 2066 3224 impertire

86 3231 250 3304 Procedit
265 3244 363 3301 extra
378 3253 521 3301 saxeam
539 3231 701 3299 domum.
853 3279 855 3283 ψ
1489 3232 1640 3326 potum?

48 3333 109 3405 490
132 3334 201 3429 Age
218 3336 341 3428 ipsum
356 3332 529 3404 conviviis
543 3333 740 3402 cicuremus
792 3407 795 3412 ,
1076 3327 1150 3399 530
1181 3333 1292 3423 Ulyaa.
1319 3332 1463 3406 llabens
1478 3335 1573 3406 enim
1590 3337 1665 3429 ipse
1681 3331 1896 3408 honoratior
1910 3337 1990 3409 eris.

87 3437 228 3520 lerum,
1127 3436 1215 3524 cycl.
1245 3433 1453 3528 lrnpertiens
1469 3452 1590 3510 autem
1606 3440 1749 3524 amicis,
1776 3439 1899 3512 utilior
1916 3465 1990 3514 ero.

87 3539 243 3610 Omnino
259 3538 326 3606 erit
343 3561 478 3606 caecus.
1131 3539 1240 3628 Ulysa.
1276 3539 1420 3631 Pugnas
1450 3542 1674 3628 convivium,
1701 3557 1706 3570 “
1728 3545 1886 3614 convicia
1919 3569 1960 3614 ac
1989 3543 2068 3614 lites

87 3647 222 3716 Semict.
255 3640 406 3722 Beatus,
432 3638 493 3733 qui
509 3632 703 3708 bacchatur
1489 3659 1598 3717 amat,

87 3744 182 3816 Botri
199 3747 250 3816 ad
267 3738 393 3813 charos
408 3741 544 3824 fontes,
734 3777 742 3788 ·
1128 3745 1218 3832 dycl.
1244 3743 1331 3813 Sum
1348 3745 1486 3826 ebrius;
1512 3760 1635 3816 tamen
1648 3770 1755 3815 nemo
1774 3759 1894 3836 tanget
1912 3772 1979 3816 me.

47 3842 109 3917 495
132 3847 171 3918 ln
186 3844 357 3918 convivio
374 3845 511 3924 iacens,
1131 3848 1241 3936 Ulyas.
1268 3849 1363 3935 Age,
1390 3861 1514 3936 potum
1531 3860 1674 3938 oportet
1688 3847 1786 3916 domi
1800 3871 1958 3918 manere.

92 3949 225 4021 Socium
243 3951 284 4017 in
300 3946 485 4038 complexu
504 3957 647 4024 tenens,
1078 3942 1152 4015 535
1179 3949 1270 4037 (lyei.
1296 3947 1431 4018 Stultus
1448 3961 1518 4033 est,
1550 3950 1614 4042 qui
1629 3950 1754 4020 bibens
1771 3973 1845 4018 non
1860 3949 2068 4022 sodalitium

91 4050 133 4120 Et
147 4054 289 4123 inlecto
304 4050 436 4119 flavum
1483 4062 1591 4120 amat.

92 4153 267 4226 Delicatae
285 4166 409 4222 tenens
425 4148 542 4220 sociae
1132 4151 1241 4240 Ulyaa.
1269 4150 1342 4243 Qui
1357 4153 1475 4225 ebrius
1490 4151 1590 4222 domi
1603 4163 1743 4236 manet,
1770 4152 1876 4248 estffi)
1891 4154 2045 4247 sapiens.

92 4257 285 4350 Unguentis
303 4255 482 4324 delibutus
1065 4323 1067 4328 ,
1127 4255 1216 4342 cycl.
1244 4251 1341 4344 Quid
1359 4257 1514 4348 agimus,
1540 4255 1679 4338 Silene,
1704 4254 1816 4324 tibine
1837 4257 1978 4327 videtur
1993 4279 2071 4328 ma·

52 4351 115 4432 500
140 4362 336 4454 Capillum3
370 4367 475 4430 sonat
492 4349 635 4444 aliquis:
662 4346 772 4416 Fores
792 4343 871 4438 quis
892 4343 1027 4436 aperiet
1484 4359 1642 4428 nendum
1661 4356 1759 4430 0332?

451 4452 566 4524 mibi?
1129 4455 1253 4552 spuo)
1278 4453 1449 4539 videtum
1475 4461 1563 4554 quid
1579 4461 1674 4532 enim
1699 4485 1789 4553 opus
1813 4474 1865 4532 cst
1888 4461 1966 4532 aliis
1985 4483 2069 4530 con-

1489 4564 1599 4648 vivis,
1626 4561 1802 4657 Cyclops?

1131 4664 1220 4751 Cyel.
1256 4661 1303 4732 Et
1330 4665 1474 4757 quidem
1505 4662 1695 4736 herbidum
1725 4678 1777 4733 est
1805 4661 1919 4732 solum
1948 4662 2069 4732 floridi

98 4769 182 4856 Gyel.
208 4762 349 4857 Papae,
377 4755 490 4853 proh,
509 4755 628 4827 ebrius
1487 4767 1668 4858 graminis.

96 4865 222 4938 Laetor
235 4871 278 4938 de
294 4863 363 4936 hoc
380 4863 484 4955 epulo
504 4861 692 4937 iuvenum,
1085 4905 1291 4920 ....-.,.....

97 4969 305 5040 Sicutnavis
321 4969 358 5036 in
374 4968 484 5036 fundo
503 4962 657 5077 replebus
778 5060 786 5075 .
1053 5002 1057 5106 ¹
1115 5017 1164 5072 24)
1181 5013 1369 5096 steutlyctmt
1385 5013 1490 5065 lucensi
1508 5015 1653 5071 ardentes]
1674 5012 1715 5064 sto
1736 5011 1851 5076 scripsi,
1879 5013 1963 5066 rotat
1981 5016 2069 5080 ¹558,

98 5071 213 5165 thue
229 5075 273 5142 ad
289 5071 487 5141 tabulatum
510 5074 643 5132 *¹⁰anss
657 5085 799 5130 summi.
1152 5086 1227 5137 1552.
1247 5086 1324 5135 sicut
1342 5085 1459 5146 lychnos
1477 5085 1605 5133 incensos
1623 5083 1771 5144 ardentem
1807 5084 1903 5137 narrt:
1927 5087 2069 5136 bacernae

57 5165 121 5243 505
144 5173 271 5246 Educit
287 5199 345 5244 me
363 5170 517 5248 ambitus
534 5163 658 5236 hilaris
1149 5157 1239 5202 autem
1256 5155 1291 5204 ut
1308 5162 1442 5203 accensae
1459 5155 1487 5202 et
1504 5153 1643 5202 ardentes.
1893 5237 1899 5250 Ι

97 5277 149 5344 Ad
166 5277 368 5348 convivium
385 5296 493 5342 verna
513 5278 721 5360 tempestate
1115 5238 1164 5303 ²⁵)
1183 5241 1239 5300 θ’ῑ]
1257 5238 1298 5290 ⁸¹⁰
1314 5238 1400 5288 fflst‘·
1420 5237 1495 5288 ¹⁶⁶²·
1513 5241 1542 5288 et
1559 5241 1692 5303 recente,
1716 5237 1856 5290 551558.
1875 5250 1909 5290 er.

1116 5326 1165 5381 25)
1182 5326 1248 5384 stt]
1278 5325 1319 5374 ste
1343 5323 1427 5374 naret.
1450 5325 1526 5375 1552.
1549 5327 1577 5374 et
1602 5327 1716 5378 receutt.
1744 5337 1832 5388 aeque
1855 5334 1888 5374 ee
1913 5323 1963 5378 Ed.
1986 5323 2061 5374 fierit

100 5377 151 5446 Ad
166 5379 335 5474 Cyclopes
348 5381 487 5448 fratres.
1153 5395 1245 5454 uara
1267 5394 1316 5448 ur.
1332 5393 1407 5445 1558.
1428 5395 1519 5453 utres.

59 5485 224 5556 briam.
248 5495 356 5563 Orsa.
378 5491 462 5558 voc.
483 5487 608 5552 xvlu.
1558 5461 1609 5534 57
1723 5554 1729 5564 ,

85 4625 303 4724 [Cyclopa‚
335 4630 534 4716 Ulyerce,
562 4625 762 4702 Silenus,
792 4611 990 4712 Udorum]
