4600 5804
242 246 318 326 ssa
822 231 945 308 eim.
976 231 1091 307 uno.
1127 167 1330 306 scenas
1362 221 1702 302 emtonooma·
1866 181 1874 192 ’
1952 213 1960 232 ‘
2044 183 2050 194 “
2114 300 2118 313 ,
2185 229 2233 304 aa

293 419 341 492 Et
354 415 506 514 hydras;
533 409 695 486 omiseri
713 406 892 501 hospites,
1342 403 1454 496 myas.
1480 397 1579 494 Quid
1603 391 1682 466 aie?
1716 388 1985 462 delectantome
2008 383 2174 465 roratione
2190 391 2234 468 bo

243 523 295 597 00
320 521 498 616 Quinam,
523 519 618 589 unde
633 511 739 588 sunt?
764 535 841 582 non
855 520 992 579 norunt
1007 505 1195 581 dominum
1702 492 1872 564 minum?

294 617 571 719 Polyphemum,
598 617 714 714 qualis
727 613 785 698 sit,
807 609 1024 702 inhospitale
1040 609 1236 708 hospitium
1341 607 1408 680 80.
1433 601 1552 677 Nemo
1569 595 1669 670 venit
1682 593 1773 680 huc,
1800 597 1951 692 quinon
1967 593 2211 684 interfeetmsit,

295 727 375 800 Hoc
389 725 650 817 ingredientes,
677 731 713 788 et
729 717 774 786 ad
792 713 959 808 Cyclopis
975 736 1084 804 genas
1346 711 1458 800 Ulyee.
1474 701 1552 799 ipse
1568 711 1687 772 autem
1696 697 1850 794 Cyclops
1864 699 1927 770 ubi
1941 695 2016 770 es't?
2037 721 2081 768 aa
2094 699 2128 770 in
2140 701 2238 774 domo?

294 829 474 900 vorantes
489 823 655 896 homines
673 817 862 890 infeliciter
875 815 1069 889 venientes.
1101 867 1105 876 .
1154 818 1159 829 “
1293 811 1369 882 150
1392 811 1460 882 80.
1486 805 1587 875 Abiit
1603 805 1648 874 ad
1656 802 1833 886 Aetnam,
1856 801 1949 873 ieras
1962 823 2107 896 sequens
2120 806 2239 878 canibus.

296 933 366 1005 Sed
381 927 569 1026 tranquilli
585 923 680 1007 sitis,
705 933 747 992 ut
760 919 970 1002 audiamus,
1349 911 1461 1004 Ulyse.
1488 907 1586 993 Scis,
1612 906 1701 1000 quid
1717 903 1951 999 iaciemus⁸),
1983 915 2023 974 ut
2042 902 2196 978 solvamus
2211 929 2239 976 u

245 1032 298 1108 96
322 1034 428 1106 Unde
445 1033 616 1101 accedant
632 1024 790 1096 Siculum
805 1023 942 1091 Aetnae
960 1022 1094 1090 locum.
1709 1003 1777 1076 hac
1793 1005 1916 1078 terra?
2142 1055 2144 1064 ,

301 1139 414 1230 elye.
447 1131 635 1225 Hospitee,
674 1125 823 1218 potestis
845 1123 984 1208 dicere,
1023 1143 1156 1218 aquam
1176 1115 1243 1188 flu·
1347 1118 1415 1191 80.
1442 1115 1526 1186 Non
1541 1109 1634 1192 scio;
1660 1111 1723 1181 sed
1740 1108 1828 1204 quid
1843 1109 1961 1194 voles,
1987 1109 2051 1180 tibi
2065 1109 2177 1186 iecere.

666 1227 798 1297 vialem
814 1227 911 1296 unde
1350 1221 1462 1308 Ulyee.
1487 1211 1614 1284 Vende
1629 1213 1734 1286 nobie
1749 1213 1886 1298 cibum,
1912 1235 1986 1308 quo
2002 1237 2142 1306 egemus.

300 1338 384 1412 Sitis
406 1335 605 1410 remedium
629 1325 807 1426 possimus
832 1327 1014 1420 accipere,
1052 1333 1091 1392 et
1111 1318 1142 1392 si
1165 1312 1245 1412 quie
1347 1323 1416 1394 Sil.
1442 1317 1527 1390 Non
1543 1328 1615 1400 est,
1640 1327 1682 1386 ut
1696 1315 1789 1402 dixi,
1815 1328 1961 1408 praeter
1974 1337 2120 1388 carnem.

659 1433 738 1503 vult
1298 1419 1373 1495 155
1402 1422 1513 1514 [lipsa.
1535 1415 1671 1489 Verum
1689 1417 1792 1488 dulce
1805 1417 1911 1490 samis
1926 1431 1962 1490 et
1976 1419 2061 1490 illud
2076 1417 2242 1490 remedium.

301 1543 430 1615 Cibum
444 1539 599 1610 vendere
615 1535 734 1605 nautis
747 1525 1017 1623 indigentibus?
1348 1526 1417 1600 80.
1442 1521 1490 1593 Et
1504 1543 1627 1592 caseus
1641 1520 1883 1606 succulentus,
1911 1535 1947 1592 et
1961 1521 2016 1591 iac
2031 1521 2135 1594 bovis.
2263 1581 2265 1588 ,

301 1645 400 1740 Quid
419 1638 490 1715 hoc
511 1640 565 1711 rei
590 1636 667 1710 est?
710 1636 757 1704 ad
775 1631 911 1704 Bacchi
932 1633 1059 1704 urbem
1080 1626 1247 1698 videmur
1353 1629 1465 1720 Ulpee.
1488 1621 1640 1706 Efferte;
1666 1623 1727 1693 lux
1743 1625 1838 1693 enim
1855 1623 2092 1696 contractibus
2109 1621 2243 1694 convenit

662 1737 862 1830 appulisse,
1348 1732 1416 1804 80.
1438 1727 1497 1798 'l'u
1511 1749 1598 1798 vero
1614 1726 1671 1796 die
1686 1721 1789 1812 mihi,
1803 1741 1981 1821 quantum
1998 1729 2117 1798 reddes
2131 1723 2243 1796 aurun?

252 1851 328 1922 100
351 1849 410 1921 Ad
426 1856 530 1915 antra
547 1841 782 1933 Satyrorum,
807 1835 904 1908 hunc
921 1855 1065 1928 gregem
1080 1829 1207 1910 vide03
1354 1834 1467 1925 Ulyse.
1493 1829 1577 1904 Non
1595 1853 1745 1916 aurum,
1770 1835 1832 1903 sed
1850 1831 1980 1921 pocula
1995 1826 2120 1901 Bacchi
2131 1831 2201 1898 lero.

300 1945 430 2020 Dicam
444 1946 595 2018 salutem
609 1941 770 2035 primum
783 1941 872 2014 seni.
1302 1932 1378 2007 140
1403 1937 1471 2007 80.
1497 1931 1544 2004 Et
1560 1931 1697 2027 optima
1713 1931 1820 2017 dieis,
1845 1957 1918 2028 quo
1944 1947 2032 2028 potu
2055 1955 2178 2026 egemus
2194 1927 2242 1997 ian

302 2053 370 2127 80.
397 2051 520 2133 Salve,
546 2043 695 2138 hospes,
720 2042 869 2136 quinam
886 2040 934 2112 sis
948 2036 1073 2122 dicito,
1098 2045 1248 2105 ettuam
1395 2050 1400 2056 ·
1682 2113 1686 2120 ,
1715 2034 1789 2110 diu.

618 2229 620 2234 ι
663 2144 833 2239 patriam.
1299 2177 1303 2182 ·
1354 2140 1465 2230 lllyee.
1479 2136 1730 2233 acquisieras
1742 2135 1834 2210 mihi
1848 2152 1979 2231 potum
1995 2139 2098 2223 dedit,
2110 2131 2242 2208 filiusllei.

307 2259 418 2348 Ulyee.
444 2248 586 2322 Ithacus
601 2247 767 2342 ulysses,
792 2242 1032 2340 cephaleniae
1045 2267 1121 2314 rex.
1182 2273 1185 2280 ⁴
1351 2243 1418 2314 Sil.
1445 2239 1563 2334 Quem
1581 2241 1654 2312 alui
1673 2263 1824 2334 puerum
1841 2267 1907 2335 ego
1922 2243 1965 2313 in
1981 2243 2067 2315 meis
2080 2233 2221 2313 brachiis?

303 2361 372 2432 Sil.
396 2355 492 2430 Novi
506 2354 625 2423 virum
642 2351 850 2444 loquacem,
877 2372 958 2419 acre
968 2341 1112 2441 Sisyphi
1126 2365 1250 2436 genus.
1355 2345 1467 2435 Ulyse.
1490 2339 1625 2415 bacchi
1640 2343 1755 2431 lilius,
1780 2359 1821 2418 ut
1836 2346 1970 2418 elarius
1985 2345 2082 2419 scias.

145 2487 149 2496 ·
256 2457 330 2533 105
359 2461 471 2550 Ulyes.
496 2452 560 2526 llle
576 2454 652 2547 ipse
666 2475 766 2537 sum,
791 2477 838 2524 ne
852 2449 1062 2524 convicieris
1078 2442 1180 2518 mihi.
1351 2449 1420 2518 80.
1444 2443 1486 2516 ln
1501 2447 1632 2519 tabulis
1645 2447 1794 2520 navisne
1809 2461 1880 2533 est,
1907 2451 2042 2522 aufers
2056 2441 2176 2520 tecum?

304 2563 373 2636 Sil.
398 2561 504 2632 Unde
520 2559 566 2628 ad
584 2554 741 2628 Siciliam
759 2551 852 2626 hanc
866 2554 1040 2646 navigans
1056 2546 1167 2622 ades?
1303 2545 1378 2622 14⁵
1407 2550 1517 2644 [liges.
1539 2546 1609 2624 iste
1622 2551 1797 2623 utriculos
1812 2564 1884 2637 est,
1910 2552 1979 2648 qui
1995 2552 2136 2625 occultu
2147 2545 2242 2621 vium,

309 2665 422 2756 elye.
447 2657 585 2734 abllio
604 2672 640 2730 et
653 2658 816 2728 Troiano
833 2658 941 2729 bello.
1707 2665 1749 2724 ut
1763 2653 1882 2740 vides,
1908 2679 2031 2728 senex.

305 2769 373 2839 Sil.
407 2760 628 2858 Quomodo?
668 2758 857 2831 traiectum
881 2782 957 2828 non
978 2777 1087 2826 noras
1111 2749 1250 2846 patriae
1353 2755 1421 2826 Sil.
1446 2750 1516 2827 lete
1531 2777 1577 2827 ne
1594 2754 1740 2851 quidem
1757 2781 1885 2850 genam
1901 2759 2182 2853 expleretmeam.

666 2857 776 2930 tuae?
1221 2880 1225 2891 ·
1356 2857 1468 2950 elyas.
1495 2855 1668 2932 Certebis
1683 2871 1804 2932 tantus
1822 2874 1953 2953 potus,
1979 2873 2123 2958 quantus
2142 2851 2244 2926 fluiter

310 2969 421 3063 Ulyes.
434 2963 635 3037 Ventorum
650 2963 828 3055 procellae
841 2958 912 3034 huc
924 2985 981 3032 me
991 2969 1191 3053 rapuerunt
1203 2953 1250 3025 vi.
1711 2962 1878 3035 utriculo.

258 3073 331 3146 110
357 3073 426 3145 Sil.
449 3068 591 3162 Papae,
616 3062 740 3138 hauris
754 3067 905 3138 eandem
920 3067 1117 3148 fortunam,
1142 3081 1250 3156 quam
1352 3063 1421 3135 80.
1445 3057 1643 3136 Pulchrum
1658 3063 1795 3137 iontem
1811 3066 1956 3150 dixisti,
1982 3079 2158 3159 etgratum
2170 3047 2239 3126 mihi

668 3181 798 3262 elego.
912 3173 916 3180 ’
1358 3167 1470 3259 Ulyse.
1494 3164 1576 3252 Vis,
1602 3169 1783 3261 praebebo
1799 3171 2020 3262 gustandum
2034 3167 2152 3262 primo,
2172 3173 2244 3254 quem

312 3278 424 3369 Ulgee.
449 3273 508 3344 An
524 3285 559 3342 et
575 3284 615 3344 tu
630 3267 701 3343 buc
716 3272 753 3341 vi
767 3271 895 3346 missus
912 3271 975 3346 es?
1713 3269 1946 3343 sitmerum?

306 3383 374 3452 80.
399 3377 605 3450 Praedones
620 3399 855 3468 persequens,
880 3374 943 3471 qui
956 3367 1253 3466 rapueruntBec·
1307 3367 1382 3444 150
1404 3373 1475 3445 80.
1500 3368 1636 3443 lustum
1653 3385 1724 3455 est;
1750 3371 1999 3466 praegustatio
2015 3375 2104 3446 enim
2118 3389 2180 3442 non
2195 3378 2246 3429 mu·

675 3473 796 3548 chum.
879 3560 883 3571 Ι
1712 3488 1765 3546 tat
1780 3476 2018 3572 emptionem.
2271 3465 2272 3556 J

312 3583 423 3676 elyas.
449 3580 637 3675 Quaenam
657 3590 710 3648 est
724 3573 813 3649 haec
826 3577 948 3669 regio,
974 3574 1087 3670 etqui
1105 3567 1169 3646 hic
1190 3570 1252 3645 ba·
1312 3593 1319 3602 ·
1359 3580 1470 3670 tityre.
1493 3577 1614 3672 Atque
1629 3573 1736 3650 traho
1752 3579 1922 3672 poculum
1939 3604 2025 3651 cum
2039 3589 2124 3650 utre.
2271 3569 2272 3580 ’

668 3680 811 3751 bitaut?
1353 3685 1422 3756 Sil.
1446 3672 1523 3772 'Age
1540 3681 1709 3768 excutias,
1733 3696 1787 3769 ut,
1803 3707 1883 3758 eum
1898 3682 2041 3767 bibero,
2064 3677 2171 3754 sciam,
2190 3681 2247 3758 qus
2271 3689 2272 3752 ξ

308 3791 376 3872 80.
403 3791 585 3866 Aetnaeus
599 3785 759 3860 tumulus
774 3796 827 3860 est
840 3780 983 3855 Siciliae
998 3779 1202 3854 altissimus.
1715 3786 1749 3856 ιε
1773 3785 1831 3858 ,ig
2271 3783 2272 3844 3

261 3899 334 3976 115
363 3901 475 3994 uass.
501 3893 647 3965 Moenia
664 3890 727 3963 ubi
740 3901 844 3972 suut,
871 3900 906 3958 et
919 3884 1019 3959 urbis
1035 3883 1179 3957 turres?
1361 3887 1473 3978 elgae
1487 3881 1591 3957 Eece.
1634 3888 1703 3962 80.
1725 3888 1845 3984 Quam
1861 3891 1999 3963 bonum
2014 3859 2247 3959 babetodorm!

309 4005 377 4078 stt
401 4002 486 4077 Non
500 4012 603 4080 sunt;
628 3995 688 4068 isti
700 3993 831 4068 tumuli
845 4004 930 4063 suut
943 3990 1021 4064 sine
1037 3983 1256 4070 hominibus,
1361 3991 1473 4082 Ulyes.
1499 3986 1704 4062 Vidistine?

668 4095 811 4191 hospes.
1358 4094 1427 4166 80.
1451 4091 1537 4163 Non
1551 4090 1773 4184 perissem,
1797 4091 1925 4188 redu)
1943 4092 2082 4164 olfacio.

316 4211 427 4300 Ulyss.
440 4204 514 4301 Qui
528 4198 841 4300 habentterram?
868 4209 966 4269 estne
983 4193 1132 4290 aliquod
1146 4215 1257 4285 genus
1310 4189 1385 4267 15⁵
1421 4195 1532 4285 olgea.
1564 4195 1677 4270 Gueta
1699 4221 1815 4288 nunc,
1855 4210 1898 4268 ut
1927 4220 2004 4268 non
2032 4187 2141 4264 verbis
2166 4172 2251 4248 laudes

531 4327 534 4338 ·
669 4300 857 4376 serarum?
1726 4312 1882 4371 tantum.
2271 4293 2272 4298 ’

310 4415 380 4488 Sil.
408 4407 602 4506 Cyclopes,
626 4420 730 4477 antra
746 4403 938 4488 habentes,
963 4425 1038 4472 non
1054 4401 1196 4472 domus.
1247 4384 1259 4401 ”
1359 4402 1428 4472 80.
1453 4399 1592 4470 Saltare
1606 4425 1665 4472 mc
1680 4399 1810 4473 invitat
1824 4396 1998 4478 Bacchus.

315 4518 427 4611 elyas.
442 4513 510 4586 Cui
525 4508 723 4583 obediunt?
739 4532 787 4579 an
804 4506 964 4604 potentia
982 4517 1034 4577 est
1048 4499 1258 4596 popularis?
1363 4505 1475 4596 viges.
1501 4502 1597 4575 Num
1615 4514 1756 4575 tantum
1773 4517 1897 4598 guttur
1910 4498 2077 4576 titillabat
2092 4481 2190 4564 bene?
2271 4559 2272 4564 ,

263 4621 338 4698 120
362 4621 432 4694 80.
464 4615 603 4689 Passim
626 4624 825 4704 vagantur,
862 4634 970 4682 nemo
996 4606 1101 4678 alteri
1122 4607 1259 4677 obtem·
1360 4608 1428 4678 80.
1451 4606 1574 4702 Usque
1588 4607 1634 4676 ad
1652 4617 1980 4700 extremosungues
1995 4593 2158 4697 pervenit.

682 4728 797 4809 perat.
1240 4709 1251 4717 “
1364 4710 1475 4803 [liges.
1501 4705 1644 4780 Adboc
1660 4709 1769 4781 etiam
1782 4709 1973 4805 pecuniam
1988 4703 2152 4779 dabimus.
2271 4725 2272 4742 ¹

302 4827 428 4921 viges.
461 4819 696 4896 Seminantne
724 4817 839 4910 spicas
863 4809 1029 4889 Cereris?
1069 4823 1132 4883 aut
1162 4811 1258 4882 unde
1311 4811 1387 4883 160
1411 4812 1480 4884 80.
1504 4810 1562 4883 Da
1577 4812 1704 4884 vinum
1719 4816 1850 4899 modo,
1876 4811 2001 4883 omitte
2018 4823 2150 4877 aurum·

335 4927 344 4940 ‘
674 4920 827 4992 vivunt?
1364 4917 1475 5006 [Hyas.
1499 4913 1634 4987 Efferte
1653 4940 1774 4989 caseos
1789 4930 1826 4988 et
1843 4915 2007 5008 pecudes.

313 5031 383 5106 Sil.
405 5026 516 5099 Lacte
531 5038 567 5096 et
582 5023 692 5098 caseis
709 5035 744 5095 et
759 5022 938 5117 pecudum
954 5042 1028 5113 ceu.
1335 5039 1339 5046 ·
1359 5019 1428 5091 80.
1453 5015 1598 5088 Faciam
1614 5015 1706 5090 nibil
1722 5043 1852 5091 curans
1866 5041 1986 5090 meum
2001 5007 2182 5082 domnum·

310 5135 425 5224 Uisco
449 5125 629 5200 bacchius
643 5140 771 5221 potum
786 5120 924 5197 habent
936 5145 980 5192 er
993 5119 1093 5192 fluxu
1106 5113 1215 5190 vitis?
1314 5163 1521 5173 m„-

313 5238 383 5312 80.
409 5232 582 5314 Minime,
606 5231 786 5322 ingratam
801 5223 966 5298 habitant
982 5235 1132 5294 terram.
1342 5222 1542 5358 ”simii
1558 5217 1807 5351 iieiiiacfflil'
1827 5217 1920 5284 esea,
1943 5209 2027 5266 sno.
2044 5203 2136 5261 esest
2152 5197 2189 5254 ίΒ
2201 5173 2244 5230 ¹⁶²

264 5339 340 5438 teo
368 5339 481 5430 lllyee.
496 5332 633 5451 Snptne
646 5329 839 5450 hospitales
855 5341 891 5398 et
903 5325 958 5421 pii
970 5325 1063 5444 circe
1078 5317 1259 5416 hospites?
1290 5385 1293 5396 .
1342 5377 1398 5444 μ)
1414 5373 1690 5439 'mmm
1705 5365 1957 5438 ,mmmm
1971 5323 2242 5422 etmumulus

315 5443 384 5516 80.
407 5436 639 5512 Dulcissimae
656 5435 780 5504 dsunt
794 5454 919 5504 earnes
933 5423 1094 5522 hospites
1107 5427 1214 5499 ierre.
1378 5447 1466 5500 cesse
