4570 5802
52 199 113 276 lii

330 189 453 264 000.
504 125 903 292 0000000000
925 187 1165 271 nomimis
1189 183 1465 264 nnlonuun
1491 182 1541 259 ιιι
1568 184 1755 282 rionis.

87 367 154 440 lam
170 367 266 452 0070,
287 363 701 462 qusmhobuionoium
717 365 915 448 amicorum
933 332 1015 444 cha-
1039 367 1043 413 ¹
1067 369 1343 461 [lpbiyenim
1377 367 1585 455 Pylades,
1623 369 1817 456 Orestes,
1854 373 2059 476 cirron]

429 467 630 556 tissimum,

84 575 114 644 0
128 585 341 647 eonvenator
358 586 393 645 et
407 573 615 657 coelumne,

46 679 107 748 710
129 675 244 769 Quam
259 676 391 749 multos
405 676 548 748 labores
561 673 747 770 suscepisti
758 687 908 774 propter
931 701 1012 755 mea

538 776 546 826 7

81 879 149 952 Nos
164 892 282 952 autem
297 777 547 973 7001701377ῗο
559 879 711 952 existam
723 879 866 966 fefellit,

80 981 121 1054 Et
135 995 246 1054 astute
261 982 434 1076 imposuit
446 981 569 1066 nobis,
593 994 634 1052 ut
648 983 776 1075 procul
790 1005 811 1053 a
827 979 977 1056 Graecia

79 1085 255 1176 Abigerel,
279 1087 417 1178 pudore
433 1085 660 1157 oraculorum
677 1085 778 1177 prius
793 1087 978 1162 datorum;

80 1187 140 1258 Cui
153 1211 217 1279 φο
235 1188 355 1258 omnia
374 1211 453 1259 mea
467 1187 632 1282 permisi,
659 1199 695 1258 et
708 1188 825 1258 verbis
846 1187 922 1260 eius
948 1187 1010 1256 ob·

426 1289 646 1384 temperavi,

41 1389 100 1462 lli
113 1387 272 1462 interfeci
286 1403 457 1464 matrem:
475 1417 572 1464 nuuc
585 1385 663 1485 ipse
673 1391 827 1465 vicissim
840 1387 1009 1486 pereuffi).
1028 1465 1031 1472 ,

76 1497 144 1584 Pyt.
167 1491 246 1564 Erit
259 1490 488 1586 sepulchrum
505 1495 591 1576 tibi;
619 1508 653 1566 et
668 1494 802 1566 sororis
823 1507 904 1566 tuae
924 1517 1009 1564 con-

420 1597 557 1692 iuginm

76 1697 261 1792 Nunquam
280 1703 462 1784 deseram,
489 1701 576 1795 quia
993 1761 996 1770 s

76 1797 123 1868 Te
153 1813 337 1872 mortuum
371 1801 511 1895 magis,
561 1823 672 1896 quarn
708 1798 832 1872 vivum
867 1793 1006 1873 habebo

428 1905 596 1981 amicum.

1067 504 1141 584 725
1168 509 1242 598 lplt.
1269 505 1453 576 Discedite·
1467 527 1530 576 vos
1546 517 1582 574 et
1598 521 1770 598 apparate

1115 609 1215 682 lntro
1233 621 1356 680 euntes
1372 632 1425 690 ea,
1442 627 1537 701 quae
1550 607 1667 678 solent
1683 605 1846 682 adhiberi
1862 615 1906 684 ad
1921 635 2056 691 necem.

1114 710 1334 782 Litterarum
1367 711 1511 880 quidelm
1541 705 1850 827 lacltrymosarum
1882 712 1969 788 baec
1994 745 2057 791 vo-

1114 916 1323 1009 Horpitibus
1355 833 1645 1008 adsuntlmiliiae
1678 940 1763 987 vero
1795 931 1937 1009 praeter
1967 917 2055 996 baec
2095 897 2104 920 ¹

1109 1121 1260 1193 Audite:
1287 1119 1404 1192 Nemo
1421 1017 1646 1189 calblbitbsus
1660 1120 1714 1190 sni
1732 1118 1858 1191 similis
1873 1119 1943 1202 est',
2009 1181 2014 1196 ,

1062 1223 1137 1297 730
1163 1223 1318 1321 Quando
1333 1223 1428 1294 cadit
1445 1245 1487 1292 ex
1501 1233 1600 1290 metu
1616 1225 1662 1290 ad
1679 1223 1943 1294 confidentiam.

1111 1327 1187 1418 Ego
1202 1340 1341 1411 metuo,
1365 1349 1412 1396 ne
1425 1324 1591 1394 dimissus
1607 1349 1648 1394 ex
1665 1337 1759 1394 terra

1110 1426 1210 1504 Nihil
1226 1441 1326 1499 curet
1342 1453 1439 1498 meas
1451 1428 1588 1496 litteras

1112 1531 1162 1616 ls,
1190 1532 1252 1628 qui
1269 1531 1374 1601 debet
1390 1553 1448 1600 ens
1464 1528 1642 1620 adArgos
1657 1530 1826 1619 perferre.

1111 1637 1170 1707 Or.
1197 1631 1389 1730 Quidvis?
1416 1645 1451 1702 et
1467 1634 1511 1701 dc
1526 1653 1598 1725 qua
1614 1653 1653 1700 ro
1669 1629 1834 1720 angeris?

1060 1733 1134 1807 735
1159 1739 1232 1828 ips.
1267 1735 1339 1806 Det
1360 1735 1609 1807 iusiurandum
1632 1729 1697 1803 has
1726 1734 1861 1803 litteras
1888 1749 2049 1826 portatu·

1109 1938 1165 2010 Ad
1178 1941 1314 2033 Argos,
1341 1953 1377 2010 et
1391 1859 1743 2021 missrrllibrrsreamicis,
1769 1938 1898 2032 quibus
1915 1943 2010 2013 volo.

1985 199 2244 314 res„

76 2002 163 2084 „Sed
176 2007 338 2076 nondum
356 2007 513 2099 perdidit
523 2031 584 2078 me
598 2005 741 2098 penitus
755 2001 824 2074 Dei

39 2101 97 2174 lto
118 2105 365 2194 „Oraculum,
387 2117 610 2205 quamquam
627 2107 784 2180 rieinum
799 2104 891 2178 neci.

76 2206 155 2290 „Fit
168 2209 372 2296 interdum,
396 2224 438 2282 ut
453 2235 590 2304 magna.
603 2210 785 2282 calamitas

75 2361 95 2391 2,
105 2311 266 2406 Accipiat
278 2313 433 2387 subitam
449 2315 700 2396 mutationem,
716 2309 746 2383 si
762 2310 908 2404 qrrando
922 2331 1006 2380 usus

426 2417 476 2494 ita
491 2415 548 2487 sit.
613 2445 617 2452 ¹

75 2516 124 2583 Or.
138 2513 246 2602 Tace,
261 2512 401 2590 Phoebi
413 2511 731 2590 vaurinium'nihil
741 2509 838 2588 mibi
848 2514 1005 2607 prodest.

73 2613 190 2688 Mulier
205 2620 388 2712 egreditur
405 2635 508 2692 extra·
520 2619 693 2712 templum
702 2616 762 2712 ⁸⁰).
877 2679 880 2687 .

40 2763 217 2782 *Ἣ

1109 2047 1169 2116 07.
1195 2043 1244 2113 Et
1260 2055 1299 2113 tu
1315 2042 1468 2114 vicissim
1485 2039 1518 2110 07
1532 2039 1660 2115 reddes
1677 2038 1952 2126 iusiurandum?

1107 2148 1182 2235 ibt.
1209 2145 1305 2239 Quid
1318 2145 1470 2228 faciam,
1493 2155 1557 2212 aut
1571 2139 1762 2214 omittam?
1787 2143 1856 2215 dic.

1109 2251 1167 2320 Or.
1176 2248 1225 2340 ⁴¹)
1251 2249 1360 2342 Quod
1384 2259 1425 2317 tu
1444 2245 1633 2316 dimissura
1655 2245 1705 2316 sie
1728 2267 1804 2316 non
1821 2245 2044 2320 interiectum

1467 2369 1510 2418 ex
1523 2343 1592 2417 bac
1605 2347 1761 2418 barbara
1777 2360 1887 2423 terra.

1057 2449 1132 2523 740
1156 2453 1230 2541 Iplt.
1255 2450 1364 2522 Recte
1388 2449 1525 2529 dixisti;
1560 2449 1743 2544 qrromodo
1769 2451 1906 2546 alioqui
1930 2465 2047 2544 posset

1462 2553 1621 2644 perferre
1637 2552 1855 2648 litteras⁴¹)i

1106 2659 1166 2728 Or.
1173 2653 1221 2750 ⁴¹)
1248 2653 1344 2728 Num
1359 2667 1534 2750 tyrannus
1549 2655 1616 2726 ieta
1635 2653 1828 2726 concedet?

1106 2761 1181 2848 ipl.
1204 2755 1324 2829 Etiam
1350 2757 1573 2852 persuadebo
1607 2757 1662 2841 ei,
1692 2767 1731 2826 et
1760 2754 1838 2851 ipsa
1863 2755 2044 2838 collocabo

1463 2883 1543 2930 cum
1558 2884 1600 2928 ln
1610 2883 1745 2930 navim.
1780 2877 1785 2894 ·
1956 2925 1960 2933 ,

1107 2966 1167 3035 Dr.
1191 2961 1273 3034 lura
1290 2977 1349 3047 tn,
1379 2975 1415 3032 et
1439 2962 1557 3054 incipe
1576 2961 1846 3046 iusiurandum,
1880 2963 1978 3056 quod
2003 2963 2049 3034 sit

1463 3087 1577 3157 prum.

1105 3169 1182 3258 Pyt.
1208 3166 1324 3237 Dabo.
1374 3168 1448 3255 ipit.
1475 3167 1577 3237 Adde
1593 3169 1719 3238 verba:
1752 3166 1939 3260 epistolam
1957 3167 2045 3238 meis

1460 3291 1595 3340 amicis.

1056 3366 1131 3442 745
1156 3372 1234 3463 Pyt.
1257 3369 1362 3440 Dabo
1377 3365 1825 3444 baalitierastnisnmieis.
1933 3357 1967 3407 ⁶·
1998 3422 2028 3432 ..
2132 3400 2133 3411 ¹

1104 3477 1179 3563 ipt.
1206 3473 1253 3544 iit
1268 3495 1333 3565 ego
1353 3486 1388 3543 te
1402 3474 1552 3546 servabo
1568 3487 1668 3547 entra
1684 3472 1845 3567 Cyaneas
1861 3485 1997 3564 petrns,

1107 3581 1164 3649 Or.
1191 3576 1308 3670 Quem
1328 3575 1489 3652 Deorum
1514 3575 1635 3651 lurae?

61 2867 101 2933 77)
117 2870 163 2922 or.
180 2869 261 2921 ron·
276 2893 313 2908 -
332 2831 425 2934 0000.
443 2865 501 2982 (n.
514 2857 702 2966 ear-nim
721 2870 827 2924 0000.
840 2867 936 2934 seem
954 2867 1002 2918 ns.

91 2939 174 2990 ibba:
403 2957 409 2968 =

118 3009 164 3060 tir.
183 3009 365 3074 „Anaplcate
381 3013 409 3064 io
429 2986 517 3076 uere,
535 3023 596 3060 mon
614 3011 722 3074 oportet
739 3009 814 3058 ierre
832 3008 913 3062 70070.

118 3077 301 3143 087007700οι
324 3089 391 3132 veru
411 3025 539 3196 7701700000
564 3077 738 3140 conticeat,
771 3087 826 3128 000
844 3077 933 3127 ieram
951 3074 1003 3124 70-

183 3159 189 3170 ’
425 3161 442 3211 p
479 3159 533 3200 em.

119 3215 194 3276 0007
211 3214 286 3268 enin
303 3217 334 3265 tn
351 3217 433 3266 triste
452 3219 479 3266 et
496 3216 599 3266 insane
615 3213 777 3278 praedicas,

117 3285 217 3340 7707070
233 3288 302 3339 erut
317 3285 413 3349 nobis,
436 3283 510 3350 sljte
528 3293 582 3338 000
599 3283 772 3336 laborantem
787 3292 891 3335 000007

117 3353 294 3407 intuieoero.
329 3355 390 3410 tlon
408 3352 484 3408 00770
498 3353 570 3406 male
586 3351 659 3405 00777
675 3351 704 3404 70
720 3361 780 3417 ne,

118 3425 270 3487 drentem,
286 3433 356 3485 0000
371 3432 444 3486 000.
459 3433 487 3478 ,ιι
500 3422 561 3476 tilis
580 3419 659 3478 nott.
686 3463 690 3473 .
716 3463 720 3472 .

118 3493 155 3540 70
172 3503 239 3542 rere
262 3493 289 3540 et
307 3494 402 3541 beatus
420 3505 467 3556 00,
493 3501 616 3553 puraque
631 3501 688 3540 non
706 3487 883 3554 aegrotantia
898 3490 983 3542 70700

117 3559 213 3626 Anias
237 3571 291 3626 ego
308 3563 422 3623 000700,
444 3558 720 3621 700700770077070.

119 3631 252 3679 Semina
271 3627 356 3693 vero,
380 3627 453 3678 iiiios
471 3641 504 3677 ex
522 3637 583 3678 mea
600 3638 699 3677 sorore
837 3675 840 3682 ,
963 3681 966 3686 ,

119 3698 168 3750 7777
185 3699 360 3761 0000000070,
386 3707 466 3759 onan
483 3696 547 3750 7077
559 3696 632 3758 tiu,
654 3698 685 3748 07
702 3707 815 3752 uxorein
832 3699 951 3758 babeam

118 3765 274 3818 senentio
292 3765 458 3830 mollierat,
479 3776 568 3827 neone
584 3765 689 3826 absque
706 3765 803 3815 liberis
822 3767 917 3816 domus

119 3834 236 3885 Paterna
255 3845 316 3884 mea
334 3834 541 3899 extingueretur
558 3844 685 3895 0000007.

120 3905 209 3963 Quare
226 3903 290 3968 abl,
314 3907 343 3956 et
359 3903 440 3966 0700,
465 3903 606 3956 07700700
625 3901 715 3956 700070
731 3903 829 3964 patrie.

120 3973 183 4024 cun
199 3985 270 4028 reru
288 3975 323 4024 07
341 3971 486 4026 lineolam
503 3973 531 4024 et
548 3975 679 4034 equestre
697 3973 790 4035 Argue
807 3971 982 4035 0000700070,

119 4039 171 4093 i’er
187 4043 313 4096 70077070
331 4045 359 4094 te
373 4043 447 4098 benc
462 4039 588 4094 obtestor
605 4041 688 4102 7000,

120 4110 311 4174 iuuenumque
323 4122 428 4176 aggere
439 4110 512 4159 iacto
521 4111 624 4170 070700,
643 4112 671 4158 07
679 4108 748 4158 0770
758 4111 932 4160 monumenta
940 4109 1002 4171 mel,

117 4177 431 4244 benemeritorum
447 4181 477 4228 et
493 4177 587 4234 crinon
606 4178 651 4234 707
668 4177 821 4239 sepulchro

7 4279 8 4282 =
118 4247 168 4300 070
183 4261 270 4314 vero,
285 4249 365 4312 quoi.
376 4246 448 4310 peril
463 4249 497 4302 07
513 4246 625 4311 &giril
637 4247 753 4309 nonium

118 4317 248 4381 tlnliere,
270 4319 310 4374 07
327 4329 404 4370 aren
421 4317 549 4378 00070700
567 4317 660 4372 mene.

117 4384 153 4434 iit
168 4399 203 4441 ne
220 4389 336 4440 deseras
352 4397 440 4440 meam
457 4397 583 4440 rororen
600 4395 734 4448 0000771.

117 4452 276 4506 7700070700
293 4455 459 4510 amrinum
472 4458 501 4506 07
519 4453 615 4510 dones
634 4453 768 4510 70707000
785 4452 884 4515 patrie.

117 4521 153 4572 ut
168 4526 250 4588 007ος
274 4525 480 4580 0007000070
498 4522 689 4580 0700700707οι0
706 4521 830 4576 invente
845 4521 1023 4588 amicornm,-

118 4587 142 4644 0
160 4593 299 4648 00070070
316 4593 481 4650 venatione,
507 4595 535 4642 et
553 4593 688 4646 07000700,
703 4602 759 4650 000
776 4605 896 4656 mecum,

119 4657 202 4718 0000
219 4663 352 4726 plurimos
370 4660 414 4724 qm
430 4659 571 4723 pertulisti
589 4672 711 4727 meorum
728 4661 843 4718 dolores
863 4662 1004 4714 melorum.

119 4727 173 4778 llos
190 4741 259 4786 raro
276 4731 401 4784 Phoebos
417 4731 497 4784 00770
516 4728 639 4798 existens
659 4729 777 4790 solstiti,

120 4795 293 4850 commentus
310 4801 416 4858 artem,
440 4801 470 4846 nt
488 4807 568 4858 quom
584 4798 749 4862 longissime
766 4811 784 4850 a
803 4800 920 4854 Graecia

118 4863 229 4928 abiret,
252 4878 320 4929 pree
336 4868 441 4928 pudore
458 4865 659 4927 praedictorum
676 4867 878 4922 vatleiniornm.

120 4929 278 4987 colonnia
294 4947 346 4998 ego
363 4935 480 4987 credens
498 4945 573 4996 7000,
608 4939 635 4982 07
653 4935 744 4987 iretur
759 4937 854 4988 verbis

119 4999 233 5052 Matrem
250 5003 294 5053 nbi
312 5003 455 5064 interleol,
481 5002 541 5064 ipse
559 5001 683 5055 vicissim
701 5015 795 5066 pereo.

61 5073 305 5204 *Ἢνῖωξῐην-
324 5086 460 5148 templum.
486 5087 543 5146 (00.
564 5083 763 5176 710-777711
777 5085 821 5135 070
841 5087 891 5138 lid.
912 5085 1005 5152 7767.;

123 5189 532 5288 nt.1tr⁰ltsspolonrnntisi,
558 5226 587 5273 et
605 5184 715 5278 sorbeis
733 5223 896 5274 0000077070

122 5285 179 5338 Non
197 5291 338 5358 deseram,
361 5305 380 5342 ιι
397 5293 499 5357 miser,
523 5293 738 5357 qundoquidem
756 5295 785 5342 te
802 5305 855 5353 ero

121 5355 254 5412 srortuo·
270 5363 362 5424 potins
380 5371 461 5424 quan
480 5363 619 5420 viventem
635 5363 740 5414 707000
755 5363 881 5412 antonne.
1164 5363 1213 5414 tir.
1224 5353 1272 5410 'lix
1289 5363 1367 5411 terra
1384 5358 1524 5408 dimittere
1542 5354 1651 5406 007000
1668 5342 1807 5404 barbarol

123 5425 200 5486 „sed
218 5429 267 5478 liei
281 5443 324 5482 me
342 5429 443 5496 ieiollit
459 5436 597 5493 nunquan
785 5427 791 5435 '
1162 5431 1223 5496 ipit.
1241 5429 1327 5479 itecte
1344 5427 1456 5490 dixisti3
1483 5423 1618 5490 quomodo
1635 5423 1708 5473 enlm
1725 5419 1851 5471 nuntium
1867 5411 2028 5482 perterretl

36 5495 200 5574 71770770.
220 5511 326 5580 orna.
346 5513 435 5576 ¹Von.
457 5515 584 5580 lell.
986 5504 989 5513 '
1442 5495 1491 5568 47

1056 3737 1259 3749 -ιι--Η-ι-

1135 3813 1138 3820 “
1157 3850 1176 3882 „
1184 3811 1366 3878 vaticinium,
1394 3813 1518 3876 qsmmvis
1536 3820 1622 3874 prope
1639 3809 1705 3861 steti
1721 3809 1840 3860 000700.
1866 3856 1871 3866 ,
1963 3843 1965 3852 ,

1156 3885 1287 3948 „Verum
1304 3881 1415 3935 0700700
1430 3881 1601 3934 incredibilis
1618 3878 1779 3933 nretlciter·
1882 3895 1886 3907 ²

1157 3951 1363 4017 „incredibiles
1382 3949 1429 3998 dat
1447 3949 1685 4012 perturbationes,
1710 3945 1816 4007 000070
1835 3946 1951 4000 venerit.

1157 4023 1206 4073 Or.
1225 4021 1291 4070 Sile.
1326 4018 1427 4068 Phoebi
1446 4030 1513 4068 vero
1531 4017 1598 4066 07777
1615 4015 1709 4074 iuvant
1726 4025 1771 4062 me
1788 4015 1917 4068 mentina.

1156 4091 1232 4140 liaeo
1249 4088 1320 4139 enim
1339 4087 1438 4136 mulier
1453 4085 1545 4148 prodit
1565 4085 1650 4134 toras.

1088 4177 1136 4232 lli
1154 4172 1331 4235 00170737.
1349 4171 1422 4224 raet.
1442 4169 1528 4222 70007.

1088 4265 1137 4321 ⁴2)
1157 4261 1218 4326 ipa
1230 4253 1550 4311 Discerne-litterari
1567 4249 1818 4320 (verm-reon]
1836 4253 1877 4304 070
1889 4255 1938 4306 lid.
1953 4256 2045 4322 Md

1160 4399 1219 4463 ipt.
1239 4395 1317 4446 77770
1336 4407 1402 4460 000,
1426 4398 1453 4446 07
1471 4397 1540 4446 7000
1557 4393 1689 4444 adornate

1157 4471 1215 4528 770,
1233 4477 1303 4529 qnae
1318 4465 1395 4516 70700
1412 4465 1508 4516 insunt
1525 4468 1637 4527 euntes,
1654 4461 1690 4510 lis
1708 4460 1754 4524 qni
1771 4466 1904 4523 praesunt
1916 4461 2044 4516 0707777770.
2078 4458 2081 4466 ’

1159 4537 1278 4588 tabulae
1295 4531 1404 4598 quiden
1420 4536 1487 4584 7000
1503 4534 1681 4595 lachrymosa
1699 4529 1838 4580 volumina

1159 4605 1320 4666 llospltibus
1337 4605 1440 4654 070007
1445 4620 1455 4666 ;
1478 4615 1550 4666 quae
1567 4613 1635 4651 vero
1655 4599 1691 4648 nd
1708 4599 1774 4646 liaeo
1792 4598 1872 4654 0070,

1158 4675 1268 4726 Audite.
1303 4673 1427 4736 „Neritus
1446 4673 1497 4722 0777
1516 4669 1615 4722 similis
1630 4669 1659 4718 70
1677 4665 1807 4729 periculis
1824 4667 1922 4730 bomo,

1159 4744 1302 4809 ‚micetius
1318 4743 1354 4792 07
1371 4741 1513 4795 audacium
1532 4753 1565 4793 ex
1583 4740 1657 4788 metu
1676 4734 1791 4786 venerit.

1160 4813 1206 4862 aiio
1223 4823 1275 4874 ego
1293 4814 1399 4874 metuo,
1424 4823 1476 4872 ne,
1500 4809 1545 4858 ubl
1564 4803 1686 4856 evaserit
1703 4816 1737 4851 ex
1754 4804 1804 4852 tao
1822 4805 1913 4868 terra,

1159 4879 1256 4932 7700707
1273 4878 1349 4932 nihili
1367 4881 1450 4931 70000
1468 4889 1544 4926 meus
1563 4873 1699 4938 epistolae
1897 4877 1900 4882 '

1159 4949 1220 5011 7770,
1238 4947 1285 5010 qul
1300 4947 1370 4996 bano
1386 4947 1505 4996 707οΙ00
1524 4947 1616 5008 Arpos
1637 4943 1745 4992 taturus
1764 4936 1818 4990 est.

1085 5065 1088 5073 ,
1161 5019 1211 5070 tir.
1231 5016 1301 5077 0077
1320 5015 1431 5064 tandem
1448 5007 1514 5065 0707
1541 5011 1619 5062 culus
1637 5007 1679 5060 rel
1730 5005 1787 5060 0770
1804 5003 1949 5059 baesitasl

1161 5087 1224 5150 7017.
1240 5085 1425 5136 iuramentum
1443 5082 1489 5131 det
1506 5079 1589 5141 milri,
1613 5079 1681 5129 7000
1708 5080 1819 5126 atnruru
1836 5075 1942 5140 scripta

1160 5155 1203 5205 Ad
1219 5155 1328 5218 Argos,
1352 5152 1447 5214 quibus
1466 5151 1530 5212 0070
1550 5149 1660 5202 mittere
1677 5143 1780 5195 anicia.

1160 5225 1210 5278 tir.
1230 5223 1298 5272 Nun
1316 5220 1439 5270 viclrsin
1460 5218 1538 5270 dabis
1556 5217 1619 5268 7070
1636 5217 1746 5266 eosdem
1765 5207 1932 5266 sermonesl

1162 5293 1226 5357 707.
1247 5291 1318 5352 uuit
1337 5291 1379 5340 rei
1397 5289 1508 5348 iacere,
1536 5289 1585 5340 aut
1602 5285 1666 5350 qnid
1682 5297 1739 5334 non
1756 5276 1871 5333 iaceret
1896 5280 1949 5334 dio.

2044 4059 2059 4090 Ι
