4700 5808
68 277 113 356 as
238 269 380 400 xuvn.
424 257 825 354 nramomano
851 255 1026 351 ossus
1051 262 1440 374 comentariu·
1463 275 1746 350 rronauan
1772 247 1949 354 na1a'

66 453 171 548 pliees
186 451 358 543 ingeniis,
381 463 543 522 amantes
563 453 750 538 laborum,
775 451 926 546 placidi,
950 475 1057 521 mun-

66 555 163 626 ditiei
178 567 215 625 et
231 553 408 626 libertatis
422 555 542 647 cupidi
560 579 690 646 magna
707 581 748 625 ex
762 567 884 648 parte,
919 567 953 623 et
973 574 1057 646 pro·

67 673 143 751 pter
157 655 281 728 lovem
300 659 424 728 colunt
438 657 692 728 Hammonem,

163 792 279 864 Huius
296 817 382 862 vero
400 791 609 886 quadrantis
625 817 663 862 ea
645 817 781 906 pars,
809 816 926 885 quae
916 791 961 858 ad
985 815 1057 858 me-

66 897 161 965 dium
177 896 276 965 orbis
291 908 470 964 terrarum
486 897 620 988 vergit,
646 882 841 987 Cyrenaica
851 893 917 990 ¹⁰)
943 893 1058 984 Aegy·

64 1011 165 1090 plus,
186 993 364 1080 Thebais,
389 995 627 1082 Marmarica,
655 997 780 1084 Oasis,
798 995 1057 1090 Troglodytae,

62 1101 220 1184 Arabes,
243 1099 400 1184 Azania,
425 1095 616 1193 Aethiopia
634 1101 770 1180 media;
803 1095 860 1167 hic
876 1111 972 1168 totus
985 1111 1058 1165 tra-

65 1215 138 1272 ctus
159 1201 346 1294 oppositus
365 1201 460 1270 ortui
475 1203 632 1286 boreali,
666 1201 814 1274 assumit
837 1199 971 1296 aliquid
995 1225 1058 1268 na·

63 1315 163 1374 turae
191 1302 361 1398 trianguli
388 1317 486 1375 ortus
510 1306 683 1391 borealis,
711 1304 973 1386 Geminorum,
994 1299 1058 1369 Li-

61 1407 146 1476 brae
173 1402 210 1476 et
231 1405 403 1502 Aquarii;
438 1419 470 1475 et
493 1407 598 1478 simul
621 1407 855 1478 dominantur
871 1405 1058 1488 Saturnus,

64 1505 196 1599 lapiter
212 1520 248 1579 et
263 1505 483 1589 Mercurius;
508 1513 602 1580 unde
622 1523 656 1580 et
672 1505 800 1580 harum
819 1510 977 1600 gentium
993 1503 1058 1576 ho-

64 1615 198 1695 mines,
240 1635 320 1681 cum
348 1623 519 1702 regantur
548 1614 750 1706 vespertino
782 1613 900 1705 positu
926 1607 1057 1679 horum

62 1713 311 1804 planetarum,
342 1726 544 1783 reverentes
568 1730 651 1785 sunt
674 1713 855 1798 Deorum,
890 1711 1058 1806 supersti-

64 1817 164 1899 tiosi,
204 1815 315 1884 dediti
341 1815 574 1887 caeremoniis
599 1831 634 1886 et
656 1819 820 1886 funerum
842 1817 990 1898 ritibus,
1024 1827 1059 1882 el

63 1929 228 1987 mortuos
258 1931 352 1987 terra
387 1919 580 1990 condentes
610 1933 645 1989 et
673 1931 878 1990 amoventes
910 1943 951 1988 ex
974 1942 1058 1986 con-

63 2031 203 2112 spectu,
243 2031 394 2115 propter
423 2023 666 2114 vespertinum
701 2021 870 2116 positum.
939 2015 1058 2090 Variis

64 2135 179 2190 antem
196 2118 336 2213 legibus
354 2135 389 2192 et
404 2124 639 2194 caeremoniis
654 2137 821 2204 utuntur;
849 2123 1001 2234 suntque
1018 2123 1056 2196 in

62 2227 225 2316 parendo
249 2221 423 2308 humiles,
450 2227 566 2294 timidi
576 2224 880 2318 ,pusillanimes
880 2239 914 2295 et
936 2225 1057 2293 omnia

1 2363 2 2386 t
63 2327 276 2408 tolerantes;
329 2328 367 2396 in
391 2327 551 2419 imperiis
575 2353 661 2398 vero
685 2328 838 2430 animosi
862 2338 895 2398 et
919 2327 1059 2418 magni-

1 2431 2 2510 }
61 2430 127 2514 lici,
155 2427 721 2548 etviriplurcsuxoresha,hent
749 2446 783 2501 et
798 2433 951 2500 femmae
967 2431 1058 2499 mul

61 2543 113 2601 tos
136 2533 258 2616 viros,
296 2521 405 2624 proni
426 2535 592 2603 feruntur
616 2537 661 2602 ad
682 2517 868 2618 libidines,
911 2543 945 2601 et
976 2557 1057 2600 cum

1 2675 2 2686 υ
63 2636 247 2705 sororibus
267 2635 561 2705 consuetudinem
579 2623 732 2720 habent,
766 2650 800 2706 et
821 2636 858 2704 in
879 2635 1057 2725 gignendo

1 3187 4 3362 l

63 2761 188 2828 magna
207 2749 261 2806 est
276 2735 442 2814 virorum
456 2737 638 2830 potentia,
666 2751 701 2807 et
722 2739 760 2806 in
783 2749 957 2829 conceptu
982 2760 1058 2804 ma-

64 2863 129 2930 gna
153 2839 349 2910 mulierum
373 2842 614 2926 foecunditas,
648 2841 865 2914 conveniens
889 2839 963 2910 eius
989 2851 1058 2908 ter·
1090 2908 1093 2920 ,

63 2965 121 3012 rae
139 2941 311 3013 ubertati.
357 2943 488 3013 Multi
509 2958 628 3014 autem
654 2944 723 3013 viri
745 2943 867 3038 ignavi
890 2954 995 3028 sunt,
1025 2954 1060 3010 et

63 3045 285 3115 effoeminati
302 3047 449 3126 animis3
481 3043 593 3141 aliqui
611 3060 646 3117 et
663 3060 783 3140 partes
806 3047 976 3140 genitales
1000 3067 1058 3113 ex-

62 3149 210 3220 cudunt
233 3161 386 3268 propter
406 3150 649 3222 maleficorum
677 3151 903 3243 planetarum
934 3161 969 3219 et
989 3147 1059 3216 Ve-

62 3253 158 3323 neris
171 3253 418 3345 vespertinum
432 3253 601 3346 positum.

163 3387 219 3462 Ex
234 3385 291 3460 his
304 3391 469 3482 gentibus
484 3417 570 3462 vero
587 3391 795 3488 Cyrenaici,
820 3335 1093 3467 illarmaricae

64 3505 98 3564 et
110 3493 296 3566 interioris
309 3494 462 3588 Aegypti
477 3494 634 3580 incolae,
661 3496 898 3566 Geminorum
918 3506 953 3564 et
964 3491 1059 3562 Mer·

64 3597 152 3666 curii
166 3611 338 3668 naturam
351 3599 524 3670 referunt.
573 3596 730 3694 Ideoque
744 3611 829 3670 sunt
849 3593 1060 3688 cogitantes,

3 3701 5 3736 ¹
64 3701 304 3796 intelligentes
319 3725 360 3772 ac
371 3725 527 3794 sagaces,
547 3702 586 3772 in
601 3701 768 3774 omnibus
783 3701 889 3772 rebus
907 3713 941 3787 et
956 3721 1060 3792 prae-

65 3803 165 3898 cipue
179 3806 221 3874 in
236 3803 413 3896 sapientia
432 3817 467 3875 et
483 3804 613 3876 divinis
629 3808 752 3888 rebus,
778 3803 927 3896 magici,
953 3815 988 3872 et
1002 3825 1059 3871 sr-

65 3931 149 3978 cana
172 3933 278 3980 sacra
300 3921 521 3993 exercentes,
555 3922 590 3978 et
611 3907 766 3978 maxime
788 3905 1057 3998 disciplinarum
1121 3933 1125 3942 ·

66 4033 225 4105 capaces.
275 4007 463 4080 Thebaida
484 4009 546 4106 qui
569 4025 693 4084 tenent
714 4024 750 4081 et
766 4009 890 4080 Oasim
917 4022 952 4080 et
966 4008 1060 4078 Tro-

66 4113 290 4210 glodyticen,
317 4115 362 4183 ad
382 4109 515 4186 Librae
540 4127 575 4186 et
588 4113 738 4186 Veneris
759 4126 927 4184 naturam
951 4111 1060 4202 perti-

66 4231 171 4298 nent;
199 4219 284 4288 ideo
300 4215 406 4286 calidi
429 4231 534 4313 sunt,
560 4219 732 4302 mobiles,
760 4230 795 4288 et
817 4215 1060 4306 voluptatibus

67 4321 189 4392 dediti.
254 4321 411 4403 Arabes,
451 4319 584 4404 Azoni,
623 4318 817 4414 Aethiopes
843 4317 971 4401 medii,
1014 4319 1059 4386 ad

67 4421 220 4516 Aquarii
244 4434 280 4492 et
292 4422 439 4494 Saturni
461 4438 628 4498 naturam
649 4425 847 4516 pertineut;
880 4422 961 4492 ideo
984 4446 1061 4490 cac-

66 4525 170 4596 nibus
185 4537 222 4595 et
238 4525 394 4619 piscibus
416 4526 527 4620 magis
549 4539 758 4615 vescuntur,
792 4539 829 4596 et
847 4539 931 4598 sunt
955 4547 1061 4616 vaga·

67 4627 199 4712 tundi,
227 4639 401 4720 agrestem
418 4642 452 4700 et
469 4629 651 4701 beluinam
668 4633 780 4700 vitam
797 4642 951 4720 agentes.

166 4762 352 4836 Hactenus
367 4765 516 4856 exposui
534 4763 572 4834 in
595 4789 743 4858 genere,
776 4787 868 4858 quae
889 4762 934 4834 sit
957 4759 1062 4828 lamr-

67 4863 200 4940 liaritas
218 4866 446 4959 planetarum
462 4881 497 4938 et
511 4868 696 4960 signorum
713 4888 793 4938 cum
809 4864 957 4956 singulis
978 4887 1063 4953 gen-

69 4969 183 5055 tibus,
213 4984 249 5041 et
265 4992 359 5064 quae
373 4970 457 5041 inde
474 4973 712 5064 proprietates
730 4970 893 5040 existant.
944 4965 1063 5048 Nunc,

66 5087 217 5166 propter
230 5073 429 5144 faciliorem
444 5099 573 5159 usum,
598 5075 646 5144 ad
661 5074 799 5165 singola
823 5071 924 5163 signa
948 5081 1061 5138 certas

70 5189 191 5264 gentes
208 5177 511 5262 accommodabo,
536 5173 606 5248 hoc
622 5180 745 5249 modo.

70 5345 277 5364 fl*—

102 5441 150 5508 1⁰)
167 5442 344 5510 Gyrmlet]
361 5444 402 5498 uls
419 5434 1062 5513 ssrtpstusszrtot.1tqurstsi;st.ttt⁸.

137 5525 235 5569 errore
252 5517 385 5582 τηου-,ε
410 5515 527 5580 cyrem.

2053 279 2106 356 40
2128 315 2132 324 ¹

1199 453 1396 522 Admonitio
1420 454 1462 522 de
1483 453 1749 540 psalmarum
1772 457 2013 544 praedictione.

1210 585 1275 658 llis
1294 585 1481 679 expositis,
1508 583 1591 658 huic
1615 591 1708 681 parti
1732 586 1820 662 haec
1846 591 1993 682 adiungi
2018 593 2105 662 utile

1109 700 1173 760 est.
1223 688 1394 758 Fixarum
1417 689 1511 760 euim
1530 692 1711 763 stellarum
1727 695 1889 786 singulae
1904 695 1973 764 illis
1988 695 2106 786 regio·

1109 789 1214 863 nibus
1237 793 1458 884 significant,
1491 793 1621 888 quihus
1643 808 1678 864 et
1692 797 1839 867 Zodiaci
1859 810 1978 890 partes
2003 797 2105 866 attri-
2159 823 2166 834 “

1108 894 1216 962 botae
1233 907 1334 978 sunt,
1361 892 1498 964 vicinae
1515 890 1571 966 his
1587 897 1715 982 stellis,
1750 899 2026 992 adspicientibus
2044 924 2104 970 eas

1109 995 1292 1086 regiones,
1319 997 1465 1066 inducto
1483 1023 1547 1090 per
1563 1001 1714 1070 eundem
1731 1003 1854 1093 polum
1880 1001 2035 1084 circulo,
2069 1013 2106 1070 et

1108 1110 1299 1189 propterea
1332 1100 1582 1190 cognationem
1617 1097 1831 1177 habentibus
1861 1129 1941 1175 cum
1971 1104 2014 1176 iis
2035 1101 2104 1172 Zo-

1109 1201 1202 1269 diaci
1220 1201 1393 1292 partibus.

1211 1319 1418 1414 Praecipuis
1436 1345 1521 1388 vero
1539 1321 1687 1392 urbibus
1706 1349 1746 1392 ea
1764 1322 1842 1392 loca
1861 1323 2007 1394 Zocliaci
2028 1348 2104 1393 ma-

1109 1419 1203 1488 xime
1228 1423 1445 1514 signibcant,
1485 1423 1523 1492 in
1552 1425 1680 1518 quibus
1706 1423 1768 1494 Sol
1798 1440 1833 1496 et
1855 1424 1980 1510 Luna,
2022 1452 2102 1496 curn

1109 1521 1210 1592 initia
1237 1539 1352 1595 esseut
1375 1525 1606 1596 extractionis
1633 1551 1776 1611 earum,
1808 1531 1972 1612 suerunt,
2005 1542 2045 1598 ut
2066 1529 2105 1599 in

1110 1627 1229 1714 genesi
1246 1639 1280 1696 et
1297 1653 1339 1696 ex
1354 1628 1559 1700 cardinibus
1576 1623 1809 1722 horoscopus.
1862 1631 2024 1724 Quarum
2039 1658 2103 1700 υυ-

1110 1741 1180 1798 tem
1201 1741 1361 1822 tempora
1381 1731 1642 1802 extructiouum
1659 1757 1735 1802 non
1750 1733 1997 1824 reperiuntur,
2031 1758 2103 1805 rne-

1109 1832 1209 1902 dium
1233 1834 1322 1908 coeli
1347 1836 1532 1922 geniturae
1555 1835 1758 1927 principum
1781 1850 1844 1905 aut
1867 1862 1991 1926 regum
2016 1861 2104 1930 quo-

1109 1935 1196 2003 libet
1218 1945 1378 2026 tempore
1402 1947 1575 2008 sumatur.
1632 1933 1719 2007 inde
1741 1940 1946 2008 summatim
1967 1937 2105 2030 pertexi

1110 2038 1372 2128 praedictiones
1397 2049 1588 2130 poterunt,
1621 2038 1812 2132 praecipue
1839 2045 1882 2110 de
1906 2041 2105 2132 insignibus

1111 2139 1351 2211 accidentibus
1368 2141 1616 2214 universarum
1636 2143 1844 2234 regionum,
1871 2156 1932 2212 aut
1949 2143 2106 2228 orbium,

1111 2243 1210 2313 cuius
1227 2245 1524 2315 considerationis
1539 2247 1667 2315 modus
1684 2245 1753 2315 erit
1769 2247 1860 2316 talis.

1212 2353 1334 2452 P⁸rime
1361 2393 1395 2449 et
1426 2380 1665 2451 efficacissima
1700 2407 1804 2452 causa
1841 2382 1966 2452 talium
1998 2406 2104 2451 even-

1088 2493 1232 2563 tuum,
1260 2495 1312 2551 est
1330 2482 1510 2572 copulatio
1527 2481 1620 2552 Solis
1639 2497 1674 2551 ct
1688 2483 1847 2554 Lunae
1837 2510 1875 2553 m
1899 2483 2105 2568 defectibus,

1110 2594 1145 2650 et
1160 2583 1344 2653 stellarum
1362 2607 1404 2653 eo
1419 2597 1582 2675 tempore
1598 2586 1803 2670 transitus.

1211 2719 1375 2794 Primum
1391 2735 1511 2792 atatem
1527 2723 1626 2795 locus
1640 2723 1852 2794 indicandus
1865 2736 1935 2806 est,
1969 2722 2027 2793 cni
2049 2747 2106 2796 re-

1110 2819 1210 2912 gioni
1224 2834 1286 2892 aut
1298 2824 1381 2896 urbi
1397 2823 1491 2896 Solis
1506 2840 1569 2897 aut
1584 2825 1713 2898 Lunae
1729 2827 1904 2908 delectus,
1939 2837 2006 2897 aut,
2023 2825 2108 2899 stel-¹
2217 2847 2221 2858 ·

1109 2925 1227 3098 larqm
1260 2925 1428 3011 Saturni,
1471 2923 1566 3004 lovis
1596 2942 1633 3002 et
1658 2927 1787 3001 Martis
1818 2928 1989 3000 stationes
2006 2950 2109 3019 ‚por-c

1110 3039 1171 3100 ten
1198 3039 1272 3100 ant.

1212 3164 1394 3246 secundo,
1422 3149 1567 3255 tempus¹
1586 3163 1818 3233 indicandum
1844 3177 1917 3246 est,
1956 3165 2102 3258 quando

1112 3277 1173 3338 aut
1187 3267 1360 3360 quamdiu
1377 3265 1543 3335 duraturi
1558 3265 1629 3336 sint
1644 3277 1803 3336 eventus.

1213 3401 1360 3485 Tertio,
1393 3425 1508 3493 genus,
1527 3416 1737 3473 eventuum:
1778 3417 1839 3489 ut,
1872 3404 2031 3490 famesne
2057 3427 2129 3471 an·
2182 3459 2186 3464 .

1111 3503 1202 3574 bella
1221 3504 1475 3595 significentur.

1213 3640 1374 3734 Quarto,
1400 3641 1552 3735 species,
1575 3641 1723 3736 quissit
1745 3643 1875 3712 modus
1893 3618 2108 3712 eventuum:¹

1111 3757 1170 3828 ut,
1195 3743 1257 3840 qui
1273 3745 1345 3816 sint
1359 3745 1470 3815 futuri
1487 3744 1650 3817 victores.

1134 3956 1191 4025 De
1216 3905 1482 4024 consideratione
1507 3953 1699 4142 repperiam,
1731 3953 1777 4020 aa
1801 3973 1885 4045 quas
1906 3953 2080 4036 pes-tinem

1582 4061 1682 4120 ectus.

1214 4205 1377 4276 Primum
1409 4207 1453 4274 de
1481 4204 1562 4274 loco
1590 4204 1830 4276 coniecturam
1853 4204 1902 4273 ita
1922 4203 2106 4286 iaciemm.

1112 4306 1152 4378 ln
1178 4309 1372 4380 defectibus
1395 4308 1487 4380 Solis
1517 4320 1553 4378 et
1573 4305 1699 4379 Lunae
1727 4307 1886 4377 mantne
1907 4306 2107 4398 insignibus

1114 4412 1421 4484 considerabimus
1436 4413 1555 4482 loevam
1572 4410 1739 4494 zodiaci,
1774 4412 1811 4480 in
1827 4433 1900 4504 quo
1913 4410 1984 4481 tuis
1999 4411 2111 4480 lumin

1113 4534 1200 4586 num
1215 4517 1389 4600 delectus,
1416 4527 1452 4584 et
1473 4513 1638 4606 regiones
1662 4514 1694 4584 ei
1719 4513 1802 4584 loco
1824 4514 1922 4584 iuxta
1945 4511 2112 4602 trigono*

1114 4643 1194 4689 rum
1225 4618 1513 4688 distributionem
1547 4617 1759 4694 familiaress
1802 4627 1838 4686 et
1874 4639 1967 4710 quae
1998 4617 2112 4688 urbes

1033 4757 1043 4776 ·
1114 4733 1261 4814 propter
1276 4717 1517 4812 horoscopum
1535 4719 1574 4789 in
1597 4721 1837 4801 extructioue,
1871 4729 1933 4786 aut
1956 4731 2106 4809 propter

1112 4827 1254 4907 locum,
1280 4849 1386 4918 quem
1410 4847 1451 4892 eo
1468 4833 1632 4914 tempore
1651 4822 1787 4892 lumina
1806 4830 2019 4904 tenuerunt,
2045 4831 2109 4892 aut

1113 4940 1262 5021 propter
1277 4927 1434 4998 medium
1458 4925 1548 4998 coeli
1571 4925 1611 4996 in
1632 4922 1880 5000 nativitatibus
1900 4922 2106 5017 principum

1113 5055 1236 5100 earum
1251 5029 1441 5122 regionum
1457 5027 1737 5100 larmiliaritatem
1756 5022 1902 5110 habent,
1927 5030 2112 5108 cumltott
2182 5115 2185 5123 Ι

1113 5133 1282 5206 deiectus.

1212 5269 1313 5364 Quas
1331 5280 1448 5338 autem
1461 5267 1626 5359 regiones
1644 5277 1706 5337 aut
1719 5267 1825 5336 urbes
1841 5263 1890 5335 ita
1911 5280 2114 5358 congruere¹

1006 5373 1012 5386 '
1113 5396 1194 5443 com
1220 5374 1301 5442 loco
1325 5372 1481 5442 defectus
1503 5371 1723 5454 videbimus,
1758 5371 1803 5439 ad
1827 5365 1892 5440 has
1913 5381 2042 5460 magna
2065 5374 2116 5439 ‘er'

1112 5489 1215 5568 parte
1239 5485 1387 5546 eventus
1408 5475 1588 5566 pertinere
1610 5463 1868 5556 iudicabimus,
1901 5460 2116 5544 manarat
