4570 5802
57 209 114 286 aa
436 197 526 275 sxt.
577 198 977 279 mrmrnnrano
1000 154 1366 280 anononacrms
1389 201 1641 276 numnms.
1977 201 2053 276 sco
2081 223 2083 228 ·

54 377 112 454 005
134 377 239 468 Quam
254 368 440 444 horribilia
451 373 603 466 patior,-
621 375 707 470 quid
725 371 813 446 mihi
830 401 920 470 opus
936 395 1013 450 erut
1115 379 1182 448 Sed
1201 377 1245 448 de
1261 377 1329 448 isto
1347 400 1460 470 puero
1478 399 1556 444 men
1573 373 1643 444 filia
1666 373 1856 462 indicabit,
1985 348 1987 354 ¹

434 498 581 568 parere,
660 526 663 534 ›
1114 479 1171 549 An
1186 479 1273 565 velit
1290 503 1370 550 eum
1386 477 1602 560 interlicere,
1629 503 1674 545 an
1697 501 1783 548 nori.

88 581 128 652 Et
139 581 262 650 addere
276 579 407 672 dnplex
425 595 516 652 maus
532 573 663 650 adhoc
677 577 793 653 onus?
1113 582 1183 654 Sed
1197 582 1288 652 vade
1305 582 1343 652 in
1358 578 1451 652 hanc
1467 579 1635 662 domum,
1660 589 1701 648 ut
1715 579 1847 650 liberos

88 684 147 754 seo
161 680 244 776 qnid
258 693 407 774 propter
422 676 510 752 haec
524 681 650 766 doleo,
676 694 713 752 et
726 685 927 775 praesentia
1064 683 1138 758 435
1163 683 1289 756 Discas
1310 708 1385 756 non
1409 685 1549 754 afficere
1572 681 1808 767 contumelia,
1844 703 1945 752 serva
1981 679 2055 750 cal-
2154 755 2161 766 ,

88 784 172 854 Mala
185 805 258 853 non
272 796 413 854 scrutor
428 805 545 879 neque
559 783 771 856 considero?
1104 874 1108 880 ι
1477 793 1584 856 stens.

80 887 176 980 ‘Quae
189 909 309 956 necem
322 885 486 958 Hectoris
501 885 633 979 raptati
650 909 759 958 curru
1113 893 1225 962 Andr.
1251 887 1332 958 Heu
1345 883 1454 972 mihi,
1479 886 1563 956 dolo
1580 909 1637 955 me
1654 883 1843 979 decepisti,
1873 907 1995 959 sumus
2019 882 2057 951 in

49 990 107 1062 400
128 987 225 1074 Vidi,
249 1001 284 1060 et
297 991 426 1062 misere
441 987 701 1060 inflammatum
717 987 844 1073 Ilium,
1475 989 1638 1058 fraudem
1654 989 1833 1060 inductae.

83 1087 126 1162 Et
139 1088 212 1184 ipsa
226 1090 280 1162 fui
293 1115 393 1164 serva
413 1093 460 1160 ad
476 1113 585 1162 naves
598 1091 816 1183 Argivorum
824 1089 874 1184 ⁵⁸)
1114 1095 1211 1166 Meo.
1235 1091 1408 1164 Praedica
1423 1086 1492 1160 hoc
1510 1090 1694 1174 omnihus;
1719 1089 1903 1160 nonenim
1921 1111 2026 1179 nego.

84 1191 211 1286 Capillo
222 1205 354 1275 tracta;
381 1206 572 1288 postquam
591 1193 674 1263 veni
1115 1200 1226 1266 Andr.
1252 1197 1311 1268 An
1323 1207 1407 1267 sunt
1420 1190 1507 1264 haec
1521 1194 1616 1286 apud
1634 1219 1715 1276 vos,
1740 1192 1803 1287 qui
1820 1193 1866 1262 ad
1881 1189 2056 1260 Eurotam

83 1289 303 1380 lnPhthiam,
328 1321 408 1370 sum
425 1297 581 1366 coniunx
595 1293 832 1366 interfectoris
840 1290 1013 1363 Hectoris.
1477 1291 1665 1381 habitatis,
1691 1293 1813 1366 recta?

46 1393 105 1468 405
126 1397 219 1492 Quid
231 1393 321 1468 mihi
335 1411 453 1492 potest
466 1421 540 1470 esse
558 1420 666 1471 suave
683 1397 827 1467 vivere?
862 1398 907 1466 ad
926 1394 1011 1489 quid
1116 1399 1211 1470 Men.
1237 1395 1356 1468 Etiam
1371 1399 1410 1470 in
1425 1397 1538 1469 Troia
1553 1411 1688 1468 rectum
1713 1408 1765 1468 est
1785 1397 1900 1468 laesos
1922 1419 1959 1465 se
1981 1390 2059 1460 vin·
2142 1397 2147 1408 “

428 1513 573 1594 oportet
588 1497 791 1593 respicere?
1472 1500 1602 1572 dicare.

82 1601 131 1668 An
144 1612 366 1692 praesentem
382 1603 586 1687 fortunam,
613 1627 660 1670 an
675 1599 932 1694 praeteritam?
1064 1600 1140 1675 440
1164 1605 1278 1674 Andr.
1304 1599 1352 1673 Et
1366 1601 1463 1672 Deos
1477 1625 1552 1671 non
1568 1600 1663 1673 Deos
1686 1615 1809 1695 putas,
1842 1623 1958 1693 neque
1983 1619 2057 1668 esse

82 1701 174 1774 Unus
188 1703 255 1775 iste
269 1703 361 1776 lilius
376 1718 453 1775 erat
469 1702 559 1776 mihi
572 1705 744 1799 reliquus,
762 1703 885 1774 oculus
902 1702 1011 1770 vitae:
1473 1703 1695 1774 vindictam?

9 1843 10 1846 =
84 1803 275 1877 Huncsunt
290 1806 531 1892 interfecturi,
555 1807 685 1904 quibus
701 1807 758 1874 illa
778 1804 929 1898 placent.
1002 1853 1006 1866 ·
1115 1807 1212 1879 Men.
1239 1803 1396 1902 Quando
1410 1805 1470 1875 illa
1495 1818 1620 1891 erunt,
1652 1819 1737 1878 tunc
1756 1807 1929 1884 feremus;
1962 1819 2059 1871 nunc

81 1906 154 1975 Non
168 1919 318 2002 propter
332 1933 449 1979 meam
467 1909 632 1981 miseram
653 1908 780 1978 vitam:
998 1949 1004 1957 ·
1481 1922 1516 1978 te
1530 1909 1753 1982 interficiam.

9 2027 10 2036 ¹
45 2005 103 2078 410
123 2006 161 2078 ln
177 2003 248 2080 hoc
264 2022 316 2081 est
327 2035 427 2106 spes,
453 2011 484 2082 si
495 2023 668 2082 servatur.
1114 2017 1224 2084 Andr.
1249 2010 1308 2081 An
1324 2022 1359 2081 et
1374 2009 1512 2105 pullum
1526 2005 1622 2081 huuc
1636 2013 1702 2085 sub
1718 2010 1783 2082 alis
1802 2005 1983 2080 avellens?

81 2105 163 2180 Mihi
177 2125 231 2183 est
246 2125 350 2207 turpe
365 2137 440 2184 non
452 2113 547 2184 mori
562 2137 629 2206 pro
644 2135 768 2205 puero.
1117 2118 1214 2188 Meo.
1239 2113 1341 2199 Non,
1366 2115 1428 2185 sed
1443 2114 1535 2182 filiae
1551 2113 1665 2199 daho,
1700 2114 1729 2187 si
1746 2111 1833 2182 velit
1847 2110 2058 2182 interficere.

79 2209 161 2283 llcce
176 2215 346 2310 relinquo
364 2239 484 2300 aram,
511 2241 577 2306 ego
596 2214 749 2285 obnoxia
1114 2222 1226 2290 Andr.
1252 2217 1331 2288 Heu
1347 2211 1453 2286 mihi!
1480 2217 1663 2311 quomodo
1680 2239 1819 2310 gemam
1835 2228 1890 2298 te,
1916 2237 1938 2282 o
1954 2207 2032 2282 fili?

78 2315 126 2384 lld
141 2321 390 2403 mactandum,
424 2321 470 2388 ad
494 2317 875 2400 interficiendum,ad
900 2317 1013 2408 ligan·
1064 2315 1140 2390 445
1171 2322 1270 2393 Men.
1314 2317 1552 2414 Nequaquam
1588 2343 1669 2388 eum
1700 2329 1822 2389 manet
1853 2339 1933 2408 spes
1963 2313 2059 2382 lero·
2187 2387 2191 2398 .

431 2424 540 2505 dum,
567 2421 612 2489 ad
631 2419 892 2490 decollandum.
1470 2419 1653 2520 ciendiffl).

77 2517 106 2586 0
121 2520 189 2606 lili,
215 2546 285 2616 ego
303 2536 417 2592 mater
435 2538 516 2607 tua,
542 2535 640 2593 netu
659 2520 900 2603 interficiaris,
1112 2527 1226 2596 Andr.
1252 2513 1469 2594 Oomnibus
1486 2517 1693 2595 hominihus
1710 2519 1946 2592 inimicissimi

9 2691 11 2698 .
41 2617 99 2692 415
121 2623 282 2706 Morior;
307 2625 337 2697 si
352 2625 517 2719 effugeris
531 2626 664 2708 latum,
931 2621 936 2628 ’
1114 2625 1263 2718 Spartae
1273 2623 1438 2708 incolae,
1463 2624 1579 2696 dolosi
1597 2626 1837 2706 consultores,

37 2793 41 2805 ,
77 2721 280 2799 Memineris
294 2729 437 2813 matris,
458 2727 583 2824 'qualia
598 2727 776 2798 sustinens
792 2723 980 2818 perierim,
1113 2728 1262 2799 Domini
1278 2725 1567 2812 mendaciorum,
1593 2739 1734 2800 suentes
1751 2727 1868 2810 mala,

75 2823 116 2895 Et
131 2831 173 2898 ad
188 2843 333 2922 patrem
350 2842 451 2901 tuum
465 2831 620 2913 vadens,
636 2851 701 2920 per
719 2830 838 2899 oscula
1111 2831 1312 2916 Tortuosa‚
1338 2842 1375 2899 et
1388 2823 1480 2898 nihil
1497 2827 1597 2914 sani,
1623 2831 1685 2902 sed
1702 2830 1823 2900 omnia
1842 2821 2013 2896 insidiose

75 2926 210 3004 Stillans
226 2929 433 3027 lachrymas
448 2945 484 3002 et
498 2933 714 3026 amplectens
728 2955 875 3012 ritanus,
1063 2929 1138 3006 450
1163 2933 1381 3017 Sentiente's,
1408 2931 1537 3002 iniuste
1561 2933 1642 3004 estis
1663 2930 1839 3003 tortunati
1863 2949 1928 3022 per
1943 2924 2055 2996 Grae·

74 3027 202 3117 Dicito,
242 3037 365 3131 qualia
394 3035 551 3106 fecerim.
617 3033 829 3119 „Omnibus
855 3026 1011 3101 homini·
1474 3033 1578 3104 ciam.

437 3138 504 3208 hus
520 3146 605 3208 sunt
1112 3136 1211 3230 Quid
1223 3160 1298 3206 non
1312 3147 1364 3207 est
1380 3133 1417 3203 in
1434 3133 1559 3206 vobis?
1577 3161 1698 3208 nonne
1714 3133 1889 3229 plurimae
1905 3125 2053 3200 caedes?

36 3229 94 3305 42⁰
117 3237 274 3322 ..Liberi
288 3239 380 3312 vita:
415 3239 527 3334 etqui
542 3237 723 3330 vituperat
741 3259 858 3308 meum
875 3235 1016 3332 dictum*
1111 3238 1241 3310 Nonne
1257 3235 1428 3330 rapaces?
1450 3261 1572 3307 nonne
1590 3239 1658 3308 alia
1675 3240 1832 3310 dicentes
1926 3320 1931 3334 ³
2058 3246 2067 3258 “

427 3341 652 3434 inexpertus,
1111 3341 1276 3434 Lingua,
1325 3353 1361 3412 et
1402 3337 1472 3409 alia
1513 3341 1716 3432 sentientes
1743 3329 2055 3434 deprehendimini

72 3439 217 3520 „Minus
249 3443 367 3528 dolet,
407 3457 443 3514 et
472 3457 525 3516 est
552 3444 677 3513 beatus
706 3439 743 3510 in
771 3439 834 3508 illo
856 3437 933 3531 ipso
956 3437 1010 3506 in·
1469 3443 1635 3536 semper?
1692 3507 1701 3530 ,
1735 3525 1740 3538 .

430 3548 602 3618 fortunio.
1109 3544 1281 3618 Pereatis.
1330 3539 1424 3614 Mihi
1440 3569 1539 3616 mors
1553 3571 1629 3616 non
1645 3559 1698 3618 est
1713 3545 1803 3617 adeo
1819 3540 1956 3636 gravis,

71 3647 162 3716 ot...
186 3647 369 3731 „Misero
389 3673 466 3719 sum
486 3650 652 3728 audiens;
686 3669 770 3714 nam
788 3643 1008 3712 calamitates
1061 3643 1137 3722 455
1161 3648 1211 3719 Ut
1226 3645 1293 3719 tihi
1310 3649 1469 3730 videtum
1496 3648 1555 3717 itta
1573 3650 1667 3720 mata
1680 3673 1738 3720 me
1753 3648 2007 3742 perdiderunt,

425 3763 510 3824 sunt
529 3749 747 3820 miserabiles
1111 3751 1266 3844 Quando
1283 3749 1411 3821 misera
1427 3749 1513 3820 urbs
1527 3745 1712 3844 Phrygum
1729 3763 1782 3822 est
1796 3757 2026 3838 consumpta.
2117 3816 2122 3824 .

9 3903 10 3908 ,
68 3847 516 3936 „Omnibushominibus‚
551 3845 1007 3946 ellartrslqulsttllenussll.
1109 3853 1155 3922 Et
1184 3878 1283 3922 meus
1314 3853 1466 3945 inclytus
1489 3853 1661 3938 maritus,
1703 3852 1767 3948 qui
1793 3865 1827 3923 te
1854 3867 2052 3940 saepe'ptt·

67 3947 216 4040 Oportet
238 3967 276 4024 te
297 3968 332 4024 et
355 3967 452 4026 tuam
476 3956 584 4025 liliam
609 3955 648 4022 in
677 3948 1006 4023 reconciliationem
1477 3947 1621 4042 gnando

429 4061 578 4143 ducere,
1108 4057 1136 4125 F
1139 4053 1206 4124 ecit
1219 4055 1352 4124 malum
1370 4067 1518 4125 nautam
1537 4081 1603 4147 pro
1619 4055 1731 4126 milite
1740 4055 1800 4153 ω)

27 4143 86 4224 105
107 4153 294 4243 Menelae,
322 4173 356 4229 et
372 4159 496 4244 istam,
520 4172 562 4231 ut
575 4160 747 4249 liberetur
762 4179 783 4224 a
801 4151 916 4223 malls·
1113 4158 1216 4229 Nunc
1234 4170 1356 4227 contra
1374 4157 1560 4228 mulierem
1577 4184 1729 4254 appares
1745 4155 1914 4229 terribilis
1929 4151 2051 4232 miles.
2147 4207 2148 4212 κ

63 4257 154 4330 Mea.
179 4255 402 4334 Prehendite
418 4261 640 4356 implicantes
653 4259 755 4332 istius
769 4250 936 4338 brachia,
1057 4260 1132 4332 460
1158 4257 1329 4330 lnterlicis
1352 4285 1421 4333 me.
1485 4257 1667 4348 interfice,
1707 4261 1792 4358 quia
1821 4283 1898 4332 non
1922 4253 2050 4329 delini·

63 4355 177 4448 Servi,
203 4365 330 4436 audiet
345 4389 421 4434 non
436 4377 557 4458 gratos
570 4383 773 4438 sermones:
1463 4375 1539 4434 tum
1558 4377 1592 4435 te

63 4456 131 4554 Ego
147 4464 236 4552 tibi,
261 4481 303 4540 ut
316 4468 457 4540 deseras
470 4492 598 4561 puram
613 4490 713 4538 aram
731 4462 849 4546 Deae,
1097 4465 1149 4535 aEt
1166 4475 1264 4534 tuam
1280 4463 1389 4534 filiam
1407 4489 1485 4534 mea
1503 4465 1622 4560 lingua
1641 4467 1839 4537 dimittam:

62 4559 238 4660 Proposui
252 4569 358 4664 pueri
373 4584 552 4656 mortem,
565 4594 635 4667 qua
652 4567 793 4639 ratione
808 4577 843 4637 te
859 4559 1001 4654 decepi,
1104 4567 1285 4661 Quoniam
1303 4579 1343 4639 tu
1358 4592 1394 4639 es
1409 4589 1559 4658 magnus
1575 4570 1614 4639 in
1630 4569 1778 4663 Sparta,

25 4655 84 4734 400
103 4667 152 4739 Ut
165 4672 313 4746 venires
329 4673 368 4743 in
384 4698 481 4744 meas
498 4697 626 4743 manus
643 4673 687 4741 ad
703 4692 839 4740 necem.
1102 4670 1177 4742 Nos
1197 4669 1236 4740 in
1256 4668 1381 4744 Troia.
1435 4669 1512 4756 =„Si
1534 4696 1600 4763 ego
1622 4673 1695 4743 iam
1715 4694 1795 4744 sum
1826 4669 1863 4738 in
1891 4669 2040 4736 adversa

61 4766 100 4838 tt
114 4773 227 4861 scito,
256 4801 349 4872 narare
365 4777 410 4846 ad
428 4790 460 4847 te
477 4775 678 4870 pertinent,
700 4771 752 4844 sic
767 4795 805 4846 se
816 4766 961 4842 habere.
1294 4849 1300 4862 ,
1465 4773 1631 4862 lortuna,

23 4931 210 4964 Q·-
1057 4927 1262 4942 .......

46 5067 88 5134 3
105 5071 154 5124 3
646 5079 733 5132 33
749 5075 783 5117 3
800 5064 827 5116 3
844 5063 997 5116 33-
1085 5017 1794 5156 aannmnmrmnnff

74 5139 117 5218 all.
134 5143 229 5207 1150,
255 5145 378 5207 usage,
403 5143 463 5195 ran.
486 5143 694 5206 praecedentem
716 5129 997 5198 040101040001005
1115 5161 1213 5212 nem:
1231 5163 1351 5220 Annum
1367 5157 1502 5208 cumeum
1519 5161 1563 5223 tu,
1581 5160 1753 5222 spreturum
1764 5151 1904 5211 uncant
1920 5159 2040 5221 Noega„

75 5219 101 5258 ¹¹¹
118 5211 168 5260 14-
186 5211 274 5262 ⁸⁸1²·
291 5211 364 5263 'tlt‘
381 5214 524 5274 0441114440
540 5209 644 5276 ¹⁰th
659 5207 735 5258 *¹⁰⁰⁰
759 5203 835 5255 ¹¹¹lf⁸
856 5199 997 5252 ⁰⁸¹¹⁰⁸¹¹⁰⁸
1115 5229 1192 5281 rm:
1216 5227 1350 5280 tttntrurn
1369 5227 1446 5275 certe
1466 5227 1542 5278 illurn
1561 5239 1626 5292 spes
1645 5238 1700 5279 ron
1718 5231 1820 5282 mec

72 5414 407 5490 namurcensem
1012 5409 1017 5472 ς
1113 5401 1263 5468 precator)
1280 5398 1374 5451 nctttu
1390 5395 1530 5449 terrestri.
