4682 5814
89 4420 94 4429 ι
222 4381 260 4448 et
280 4376 507 4461 uberiorem,
548 4398 616 4445 nec
646 4377 739 4445 male
768 4373 957 4446 collocabit
979 4397 1148 4467 operam,
1187 4375 1219 4448 si

226 209 301 289 sss
802 179 1822 288 emmerammum..
2193 207 2274 286 ass

220 383 358 481 iecere,
379 389 421 450 nt
436 377 662 453 inflelioone
677 377 904 456 adnuerint
920 378 961 451 in
984 379 1135 473 plumbo
1156 379 1219 452 de·
1269 403 1360 472 guae
1372 380 1577 477 proprietas
1592 379 1724 456 nendos
1736 373 2048 473 deprehendent,
2073 391 2111 469 st
2132 380 2275 472 brutae
2334 405 2335 476 ᾗ

220 483 395 577 scriptum
410 504 553 575 poema.
1268 485 1463 558 verbenam
1495 495 1532 556 et
1555 483 1816 557 sententiarum
1838 481 2110 557 animadversae
2137 483 2274 557 clerieo
2334 507 2335 586 ᾗ

322 581 505 656 Hactenus
540 584 584 655 de
621 582 740 677 prima
771 581 954 658 Hesiodici
967 582 1016 681 ⁸)
1049 582 1218 656 meminis
1269 599 1473 660 cernentur.
1536 584 1876 670 Praemissum,
1907 585 1942 658 si
1962 585 2084 656 loonm
2107 586 2272 681 aliquem
2334 589 2335 608 ²

156 701 164 714 ·
219 699 335 782 parte.
386 684 573 756 Posterior
585 709 716 778 magna
737 710 781 758 ex
802 699 906 780 parte
922 681 1129 783 {ovotxdffb
1152 699 1217 772 est,
1269 687 1494 760 floridiorem
1507 701 1571 760 tuo
1585 687 1704 760 Marte
1716 685 1857 761 Latinis
1870 687 2033 760 venitm
2049 689 2274 780 exposueris,

213 792 265 862 *de
297 801 427 862 natura
459 800 576 858 terrae
606 813 648 860 ac
668 791 835 882 frugum,
867 790 913 860 de
936 787 1218 881 tempestatibus,
1270 815 1362 886 qnae
1378 791 1584 866 exercitatio
1600 791 1673 862 dici
1694 815 1771 864 nou
1794 802 1930 884 potest,
1962 802 2139 885 quantum
2161 803 2275 864 acuat
2334 849 2335 872 ,

220 885 265 965 de
279 891 438 964 siderum
459 890 646 984 motibus,
671 915 827 986 quarum
849 915 972 964 rerum
994 891 1218 985 perliberalis
1269 892 1465 980 iudicium,
1506 907 1683 990 quantum
1714 893 1801 966 item
1825 895 1871 966 ad
1896 893 2064 966 alendam
2088 894 2272 966 sermonis
2334 889 2335 954 Ῠ

220 1008 256 1068 et
286 995 444 1066 iucunda
476 992 634 1087 cognitio
663 1007 729 1066 est.
787 994 883 1068 Nam
914 1018 1003 1064 cum·
1025 988 1217 1066 hominum
1270 995 1434 1090 copiam,
1473 1009 1509 1067 et
1536 997 1819 1091 comparandam
1847 994 2035 1068 scientiam
2064 996 2273 1090 explicandi

219 1121 346 1183 causa,
385 1109 421 1168 et
440 1097 488 1166 ad
507 1119 593 1168 usus
617 1109 781 1181 nostros,
820 1093 910 1168 haec
934 1115 1057 1168 rerum
1086 1108 1216 1168 natura
1268 1122 1326 1171 rer
1341 1098 1642 1174 obscuraslaciat.
1700 1097 1771 1172 Sed
1790 1094 1881 1170 haec
1904 1096 1999 1168 inter
2021 1101 2270 1172 enarrandum

220 1199 372 1288 condita¹
380 1212 417 1269 et
430 1197 602 1270 fabricata
622 1199 685 1285 sit,
716 1197 892 1290 flagitium
913 1209 966 1270 est
987 1197 1140 1295 nolle“)
1163 1212 1218 1269 to-
1271 1199 1388 1273 obiter
1402 1201 1642 1276 monebimus.

218 1303 290 1375 tius
307 1297 588 1395 pulcherrimam
604 1300 757 1371 aedificii
771 1301 951 1372 rationem
969 1300 1218 1394 contemplari,
1347 1305 1509 1400 Quaerat
1525 1303 1674 1400 aliquis,
1700 1303 1787 1398 quid
1800 1299 1891 1374 haec
1902 1315 1978 1378 tota
1995 1302 2090 1376 ratio
2102 1301 2271 1374 discendi
2334 1293 2335 1298 ’

220 1405 434 1499 praesertim
467 1427 549 1474 cum
571 1425 613 1472 ea
638 1402 796 1496 cognitio
820 1403 1019 1498 plurimum
1042 1402 1219 1477 momenti
1269 1407 1316 1476 ad
1332 1408 1503 1501 pietatem
1521 1404 1723 1478 conducat?
1737 1403 1801 1504 ι”)
1829 1405 1895 1480 Est
1909 1406 2150 1501 inpromptu,
2176 1404 2270 1498 quid

220 1509 360 1578 adierat
374 1508 420 1577 ad
435 1504 679 1576 valetudinem
695 1508 1000 1589 conservandam,
1026 1519 1064 1577 et
1082 1506 1218 1599 adple·
1270 1511 1531 1602 respondeam,
1556 1511 1603 1582 ad
1617 1509 1880 1580 immutandam
1897 1521 2077 1594 mentem,
2101 1507 2270 1578 imbuen-
2334 1505 2335 1582 ξ

217 1633 348 1707 easque
363 1609 451 1679 alias
465 1607 561 1678 vitae
576 1621 697 1700 partes
712 1611 900 1700 regendas.
953 1608 1045 1703 Quis
1067 1620 1121 1680 est
1141 1621 1217 1678 tam
1270 1612 1470 1710 danque1)
1485 1612 1658 1706 religione
1673 1607 1767 1682 nihil
1784 1611 1970 1696 conducit3
2002 1637 2088 1696 nam
2105 1611 2143 1680 id
2157 1608 2270 1700 eflicit
2334 1675 2335 1708 3

216 1713 372 1798 lerneus,
404 1735 532 1806 quem,
565 1709 597 1780 si
619 1708 659 1779 in
683 1705 825 1784 theatro
848 1712 992 1797 sedeat,
1033 1735 1115 1784 cum
1139 1709 1218 1782 ludi
1270 1715 1431 1787 coelestis
1453 1715 1600 1808 spiritus
1622 1739 1688 1809 per
1707 1739 1849 1786 morum
1873 1738 2098 1795 sermonem
2136 1715 2201 1784 sed
2220 1715 2272 1782 ad
2334 1725 2335 1730 ’

217 1817 329 1899 fiunt,
363 1837 440 1885 non
461 1811 658 1908 aliquando
679 1813 834 1886 incessat
854 1814 1040 1906 spectandi
1061 1811 1218 1906 cupido?
1270 1819 1600 1916 cognoscendum')
1628 1841 1833 1892 sermonem
1856 1841 2040 1891 sacrarum
2062 1817 2271 1888 litterarum

217 1930 352 1990 etcum
368 1915 508 1986 nullum
525 1915 789 2008 spectaculum,
815 1915 907 1987 nulli
927 1915 1024 1999 ludi,
1049 1915 1132 2009 plus
1154 1940 1226 1985 vo·-
1270 1920 1416 1992 Graecis
1438 1920 1567 1992 litteris
1587 1945 1678 2014 opus
1710 1931 1780 2002 eso
1820 1921 1950 1992 deinde
1970 1933 2012 1992 ut
2031 1922 2075 1990 de
2100 1941 2271 1990 sermone
2334 1919 2335 1924 ’

217 2018 366 2115 luptatis
400 2031 462 2090 aut
491 2017 656 2089 utilitatis
678 2020 819 2090 adferre
840 2017 1035 2112 spectatori
1056 2031 1218 2111 possunt,
1268 2020 1400 2094 rectius
1414 2023 1633 2108 iudicemus,
1659 2035 1695 2094 et
1709 2036 1750 2094 ut
1764 2024 1932 2114 dogmata
1956 2022 2140 2114 religionis
2163 2045 2272 2090 enar·
2334 2031 2335 2034 ’

218 2146 330 2219 quam
349 2115 440 2191 baec
461 2132 614 2192 naturae
635 2121 810 2207 varietas,
850 2117 941 2192 mihi
970 2121 1103 2193 rectius
1133 2120 1216 2189 viva
1268 2147 1352 2196 rare
1383 2136 1420 2195 et
1450 2125 1647 2218 explicare,
1686 2125 1828 2220 quoties
1858 2123 1976 2219 poscit
2003 2121 2074 2196 boc
2101 2123 2272 2217 publicus

218 2226 395 2297 cadavera
411 2247 521 2319 qnam
539 2217 704 2296 homines
721 2224 891 2296 videntur
906 2223 1133 2316 appellandi,
1167 2217 1218 2306 hi,
1269 2249 1373 2311 usus,
1399 2227 1598 2320 possimus,
1623 2226 1723 2298 varie
1737 2227 1975 2320 subigendum
1993 2241 2046 2300 est
2067 2225 2271 2319 ingenium,
2334 2277 2335 2286 ,

219 2327 416 2424 quineque
430 2337 602 2410 mentem,
628 2349 748 2422 neque
764 2327 888 2398 oculos
901 2328 949 2397 ad
965 2338 1117 2398 naturae
1133 2349 1218 2394 con·
1270 2341 1307 2400 et
1320 2329 1489 2403 omnibus
1503 2329 1700 2423 disciplinis
1715 2331 1962 2406 excolendum.
2020 2329 2116 2404 Nam
2139 2341 2181 2400 ut
2206 2353 2272 2399 ue-

217 2429 473 2504 siderationem
489 2439 717 2500 convertunt,
1223 2427 1228 2438 '
1270 2431 1688 2523 glectisfilixinnascitur
1707 2433 1822 2526 agris,
1856 2433 1906 2503 ita
1931 2434 1972 2504 in
1996 2431 2167 2524 ingeniis,
2196 2431 2271 2502 nisi

319 2531 511 2602 Postremo
541 2530 587 2601 ad
615 2531 817 2623 parandam
842 2527 1030 2601 scientiam
1052 2529 1144 2600 bene
1165 2527 1219 2596 di·
1268 2547 1509 2628 repurgentur
1523 2534 1742 2628 elegantiore
1757 2536 1978 2622 litteratura,
2004 2535 2102 2606 velut
2122 2534 2270 2606 inutiles

219 2634 346 2720 cendi,
371 2657 448 2703 non
469 2657 601 2727 parum
624 2635 763 2704 confert
778 2631 974 2714 Hesiodns;
1006 2656 1093 2702 nam
1119 2630 1219 2704 lectis
1269 2632 1402 2708 herbae
1431 2650 1540 2709 natae
1564 2639 1640 2709 vim
1662 2638 1793 2711 mentis
1815 2664 1959 2710 omnem
1982 2637 2212 2730 strangulant
2233 2648 2272 2707 ct

219 2735 339 2808 verbis
355 2736 490 2820 utitur,
515 2758 607 2828 quae
623 2735 833 2826 tempestive
850 2747 1042 2826 usurpata,
1075 2747 1110 2805 et
1137 2756 1220 2801 ora-
1274 2753 1445 2826 enecant,
1469 2765 1514 2810 oe
1530 2741 1794 2834 autpervidere
1814 2767 1871 2812 res
1894 2743 2084 2826 obscuras,
2116 2752 2180 2811 aut
2200 2765 2271 2832 pu·

208 2839 313 2910 tioni
326 2837 539 2929 dignitatem
555 2837 740 2924 adierunt,
765 2849 801 2906 et
815 2835 984 2908 scientiae
998 2837 1142 2929 pondus
1156 2835 1220 2904 ad·
1269 2841 1424 2927 blicare,
1451 2843 1546 2912 etin
1568 2841 1773 2940 apertam⁸)
1795 2844 1911 2916 lucem
1932 2846 2096 2938 proferre
2120 2855 2271 2937 queant.

126 2969 128 2974 ·
219 2945 323 3014 dunt.
375 2939 562 3034 Quantum
578 2952 683 3032 putas
700 2939 838 3010 accedit
853 2937 1011 3008 orationi
1034 2936 1219 3031 gravitatis
1272 2941 1406 3036 Magna
1423 2947 1601 3039 quaedam
1618 2947 1732 3020 virtus
1746 2959 1799 3018 est
1812 2946 2039 3043 eloquentia,
2069 2959 2124 3031 et,
2148 2957 2189 3014 ut
2205 2943 2270 3014 ille

218 3041 288 3116 bac
303 3042 424 3114 auxesi
440 3065 555 3135 paene
571 3041 729 3135 tragica,
754 3067 835 3113 cum
853 3065 954 3133 reges
969 3033 1220 3140 δωροφάγους
1270 3045 1309 3116 iu
1325 3047 1510 3138 tragoedia
1528 3048 1635 3133 dixit,
1662 3073 1784 3120 rerum
1799 3049 2027 3147 domina⁸⁸),
2054 3050 2187 3144 quode
2204 3048 2274 3116 ob·

220 3143 404 3242 appellat?
431 3169 540 3240 quam
563 3158 665 3238 grata
686 3143 901 3239 compositio
923 3156 978 3216 est
995 3137 1218 3241 xetpodixnt!
1271 3148 1384 3220 scuris
1398 3151 1506 3222 rebus
1522 3153 1648 3222 ordine
1665 3176 1707 3221 ac
1724 3150 1880 3224 dilucide
1894 3153 2069 3224 dicamus.
2126 3149 2180 3226 Ea
2206 3175 2274 3220 ue·

220 3252 313 3322 Sunt
325 3245 396 3320 hoc
411 3272 522 3339 genus
538 3260 723 3326 sexcentae
738 3248 897 3340 figurae,
924 3271 1013 3342 quas
1036 3270 1112 3316 non
1132 3245 1220 3314 libet
1271 3251 1362 3320 mini
1376 3252 1453 3324 sine
1468 3278 1600 3347 magno
1613 3279 1681 3326 usu
1695 3277 1820 3327 earnm
1837 3255 1990 3342 artium,
2022 3277 2115 3350 quae
2138 3249 2273 3324 huma-

219 3349 279 3423 hic
294 3375 527 3436 enumerare,
549 3375 596 3420 ne
612 3351 700 3446 qnid
718 3351 888 3422 amittant
903 3349 1040 3441 gratiae
1063 3373 1107 3420 ex
1128 3347 1220 3416 inte·
1270 3353 1395 3425 nitatis
1417 3357 1657 3449 appellatione
1678 3358 1929 3445 continentur,
1971 3355 2144 3452 variaque
2168 3381 2274 3428 exer·

221 3479 286 3547 gra
319 3454 484 3523 oratione
516 3454 615 3522 velut
647 3477 667 3521 a
703 3476 854 3544 corpore
887 3452 1049 3521 membra
1083 3450 1219 3521 avulsa.
1271 3455 1441 3528 citatione
1457 3459 1644 3553 contingit.
1695 3459 1793 3530 Haec
1806 3484 1886 3531 mea
1904 3460 1999 3534 ratio
2015 3471 2087 3546 est,
2112 3483 2177 3530 cur
2202 3454 2273 3531 has

222 3557 322 3651 Quid
336 3555 380 3624 de
397 3565 473 3624 tota
489 3554 665 3626 orationis
686 3566 865 3626 structura
890 3555 1005 3649 deque
1026 3551 1219 3623 sententia·
1271 3571 1366 3630 artes
1395 3561 1607 3653 profuturas·
1637 3562 1747 3634 etiam
1775 3563 1902 3636 studiis
1931 3563 2116 3656 religionis
2148 3562 2274 3634 existi-

220 3684 306 3731 rum
327 3657 451 3748 liguris
473 3655 655 3729 dicemus?
696 3681 788 3751 quae
810 3667 998 3747 tantopere
1018 3655 1220 3748 probantur
1270 3686 1385 3747 mem,
1421 3688 1492 3759 qua
1515 3667 1560 3736 de
1583 3689 1622 3736 re
1643 3689 1720 3736 non
1742 3667 1859 3736 dicam
1883 3663 1943 3737 hic
1965 3665 2127 3758 longius,
2152 3690 2199 3736 ne
2215 3667 2274 3736 vi.
2334 3657 2335 3668 ’

219 3757 413 3860 Fabiooe),
436 3755 575 3832 nthuic
590 3761 759 3830 decernat
773 3759 812 3828 in
827 3758 1001 3828 mediocri
1015 3781 1143 3850 genere
1165 3756 1219 3826 di·
1270 3765 1357 3834 dear
1372 3761 1432 3850 δὶς
1445 3760 1683 3866 κράμβην“),
1709 3771 1808 3865 quod
1823 3770 1973 3856 dicunt,
1998 3771 2158 3852 adferre,
2183 3793 2272 3839 cum
2334 3849 2335 3852 Ἴ

221 3866 326 3938 cendi
341 3864 521 3960 palmam;
549 3875 585 3933 et
605 3861 773 3956 princeps
787 3859 1004 3932 Latinorum
1026 3872 1218 3954 poetarum
1270 3866 1358 3940 alias
1380 3864 1475 3939 hauc
1497 3895 1641 3943 cansam
1666 3873 1813 3964 egerim.
1877 3871 2118 3958 vosautem,
2151 3895 2273 3967 quan-
2334 3873 2335 3876 ’

220 3968 413 4062 Virgilius,
455 3979 491 4039 et
523 3965 676 4038 Ovidius
706 3963 917 4038 lectissimos
945 3964 1045 4036 locos
1078 3962 1117 4032 in
1153 3987 1217 4034 sua
1269 3981 1346 4040 tum
1360 3995 1525 4065 possum,
1550 3971 1699 4061 hortor,
1732 3988 1794 4061 ut,
1827 3977 2133 4071 quemadmodum
2157 3975 2270 4046 initio

223 4096 333 4164 opera
349 4070 620 4154 transtulerint,
645 4069 910 4164 iudicarintque
924 4091 1000 4139 non
1016 4069 1095 4139 leve
1111 4090 1218 4138 orna·
1269 4071 1363 4161 dixi,
1405 4077 1628 4148 constituatis
1649 4077 1720 4172 ipsi
1742 4080 1947 4166 vobiscum,
1980 4103 2088 4176 quem
2108 4080 2272 4150 fructum

221 4185 384 4244 mentum
415 4173 500 4242 inde
532 4175 698 4244 accedere
724 4172 797 4244 suis
825 4171 1014 4264 poematis.
1077 4169 1219 4240 Reddet
1270 4201 1313 4247 ex
1327 4178 1453 4250 studiis
1469 4192 1591 4272 petere
1605 4205 1670 4252 vos
1685 4184 1900 4268 conveniat,
1932 4194 1970 4252 et
1990 4193 2033 4254 ut
2052 4205 2133 4254 eam
2155 4181 2274 4252 ratio·

132 4333 138 4340 .
221 4271 449 4346 hauddubie
471 4286 509 4342 et
530 4287 692 4346 nostram
712 4274 916 4344 orationem
944 4272 1217 4365 locupletiorem

223 4479 365 4578 quis-ad
381 4478 560 4550 Graecum
578 4479 782 4572 exemplar,
813 4502 854 4548 ea
878 4499 971 4572 quae
993 4477 1110 4548 nostri
1133 4478 1218 4548 inde
1304 4433 2275 4571 wgffffiwffiidiii'hlffdaiiaeliffissp-

222 4593 494 4680 excerpserunt,
521 4580 730 4663 contulerim
762 4603 847 4651 nam
872 4578 922 4650 ita
942 4578 1129 4676 utriusque
1150 4581 1218 4650 lin·
1305 4589 1869 4659 s)tnmennnque]neuont.1em,
1894 4589 2033 4654 resen,
2058 4591 2152 4657 esee,
2176 4591 2275 4660 ress,

1328 4661 1434 4782 n
1454 4659 1553 4778 n·
1568 4658 1795 4782 Μ
1816 4659 1910 4782 m
1935 4659 2029 4782 n
2043 4661 2276 4794 aemes

256 4823 306 4892 tt)
325 4820 481 4882 nutodtct]
498 4819 539 4870 sto
556 4828 653 4870 onnes
670 4817 737 4870 tttre
746 4816 849 4879 ueto„
867 4815 980 4880 praeter
993 4813 1077 4868 nette
1090 4815 1166 4872 tm.
1175 4815 1220 4883 Ie,
1303 4813 1337 4883 ί)
1354 4759 1591 4880 eonii-mein]
1607 4759 1759 4864 etb'onnes
1770 4762 1838 4865 {tide
1845 4759 1934 4867 nith,
1943 4815 2058 4880 eroeptt
2071 4813 2125 4866 tt.
2135 4743 2275 4887 ΙΜἛ,

228 4907 237 4920 f
292 4891 388 4956 tm,
407 4889 720 4954 ree1.‚quseneoent=
746 4886 869 4941 Hesiodi.
1341 4894 1412 4949 quse
1429 4883 1528 4934 tebet:
1554 4882 1772 4948 agnomenduut.

61 4959 65 4971 ’
96 5008 101 5022 ·
198 5027 204 5034 .
254 4975 307 5042 st)
327 4969 446 5042 osnes]
463 4973 506 5027 sto
521 4987 620 5028 onnes
636 4975 739 5038 Mitt,
756 4975 871 5037 prester
887 4971 937 5026 Et.
955 4972 1097 5038 tumn,
1114 4971 1160 5024 ubl
1175 4972 1220 5025 te·
1304 4967 1336 5039 8)
1354 4969 1495 5036 reaten]
1532 4965 1619 5023 nno.
1652 4965 1729 5021 sest.
1748 4967 1802 5036 8.,
1838 4968 1916 5021 tat.
1937 4968 1970 5021 lt.
2003 4979 2103 5024 errore
2131 4970 2274 5038 mogh:

292 5045 368 5112 gttnr
386 5039 512 5112 φυσικοὶ,
530 5047 558 5094 et
574 5045 625 5096 tto.
644 5043 738 5108 tm,
756 5053 828 5108 quse
845 5041 969 5093 extttet:
995 5040 1121 5106 plynos.
1338 5041 1474 5102 opertu

245 5129 416 5198 ,romi-1
440 5127 758 5192 nenorensem,
784 5127 928 5210 sunu,
953 5125 1046 5188 asse..
1077 5127 1155 5178 sess.
1175 5125 1220 5194 n,
1304 5122 1361 5193 te)
1379 5125 1440 5176 noe
1467 5124 1513 5175 ut
1535 5121 1792 5188 unsaramma
1816 5121 1845 5176 n
1864 5125 2051 5178 nemnem
2079 5125 2131 5184 na
2150 5127 2275 5189 unu.

294 5200 391 5263 atet,
411 5197 505 5263 tm,
524 5197 617 5262 toth,
637 5199 731 5262 ¹⁶2³„
751 5197 844 5263 soom
873 5195 959 5248 Edrtt.
974 5195 1114 5260 toste,
1132 5195 1220 5262 lud,
1341 5195 1370 5246 et
1387 5192 1438 5248 ld.
1456 5195 1573 5246 sterent.
1589 5191 1667 5257 [alpe.
1685 5191 1760 5253 (m.
1777 5193 1828 5248 ttt
1843 5191 1969 5256 letheo:
1985 5193 2083 5248 usne
2100 5189 2131 5250 n
2148 5194 2202 5261 eir
2218 5195 2274 5253 sd-

295 5269 391 5332 κω,
410 5267 487 5317 totta.
499 5267 549 5332 st,
570 5266 663 5335 tm,
683 5267 776 5334 tm,
795 5265 890 5332 iffi,
910 5263 1005 5332 tm,
1024 5263 1122 5332 asts„
1139 5276 1220 5316 nne
1338 5275 1448 5331 perron
1464 5255 1625 5329 ἀνθρώποις
1639 5255 1740 5328 μόνην.

262 5387 265 5397 ,
291 5339 375 5423 velte.
960 5413 965 5422 ι
1304 5345 1338 5416 t)
1355 5349 1398 5400 lle
1414 5348 1577 5414 proverbio:
1607 5343 1659 5406 Ate
1676 5344 1788 5417 mutasse
1804 5341 1944 5416 timor,
1967 5349 2086 5408 ome·
2109 5351 2154 5406 bl!
2175 5355 2276 5420 nette

254 5415 307 5484 dt)
322 5416 393 5478 res.
413 5421 527 5486 ortnttt.
542 5417 635 5472 trsttt
651 5423 724 5474 ortt.
742 5419 781 5492 x,
799 5421 826 5486 t,
841 5419 888 5478 tt.
1340 5428 1435 5486 nors,
1452 5419 1527 5473 nort.
1545 5416 1656 5470 trum
1676 5418 1766 5486 ater.
1784 5418 1848 5471 ottt
1861 5419 1883 5474 1.
1900 5421 1974 5478 nent.
1987 5421 2024 5479 V.
2042 5433 2121 5488 prov.
2135 5421 2182 5490 te.
