<?xml version="1.0" encoding="UTF-8"?>
<!DOCTYPE html PUBLIC "-//W3C//DTD XHTML 1.0 Transitional//EN"
    "http://www.w3.org/TR/xhtml1/DTD/xhtml1-transitional.dtd">
<html xmlns="http://www.w3.org/1999/xhtml" xml:lang="en" lang="en">
 <head>
  <title>
</title>
<meta http-equiv="Content-Type" content="text/html;charset=utf-8" />
  <meta name='ocr-system' content='tesseract 3.04.00' />
  <meta name='ocr-capabilities' content='ocr_page ocr_carea ocr_par ocr_line ocrx_word'/>
</head>
<body>
  <div class='ocr_page' id='page_1' title='image "./corpusreformato17melagoog_0026.png"; bbox 0 0 4700 5808; ppageno 0'>
   <div class='ocr_carea' id='block_1_1' title="bbox 76 223 2128 368">
    <p class='ocr_par' dir='ltr' id='par_1_1' title="bbox 76 223 2128 368">
     <span class='ocr_line' id='line_1_1' title="bbox 76 223 2128 368; baseline -0.001 -14"><span class='ocrx_word' id='word_1_1' title='bbox 76 280 123 355; x_wconf 80' lang='grc'><strong>(3</strong></span> <span class='ocrx_word' id='word_1_2' title='bbox 260 275 401 352; x_wconf 75' lang='lat' dir='ltr'><strong>nur.</strong></span> <span class='ocrx_word' id='word_1_3' title='bbox 446 258 851 350; x_wconf 76' lang='lat' dir='ltr'><strong>mrsurnurarto</strong></span> <span class='ocrx_word' id='word_1_4' title='bbox 869 223 1782 368; x_wconf 61' lang='lat' dir='ltr'><strong>orausoummrsar1r1rrocsusu&#39;</strong></span> <span class='ocrx_word' id='word_1_5' title='bbox 1801 269 1891 348; x_wconf 80' lang='grc' dir='ltr'><strong>(ιιι</strong></span> <span class='ocrx_word' id='word_1_6' title='bbox 1911 271 1949 348; x_wconf 76' lang='grc' dir='ltr'><strong>ι.</strong></span> <span class='ocrx_word' id='word_1_7' title='bbox 2077 261 2128 354; x_wconf 77' lang='lat' dir='ltr'><strong>tc</strong></span> 
     </span>
    </p>
   </div>
   <div class='ocr_carea' id='block_1_2' title="bbox 3 426 2216 5591">
    <p class='ocr_par' dir='ltr' id='par_1_2' title="bbox 3 426 2216 5591">
     <span class='ocr_line' id='line_1_2' title="bbox 72 426 2128 548; baseline -0.001 -26"><span class='ocrx_word' id='word_1_8' title='bbox 72 465 193 548; x_wconf 83' lang='lat' dir='ltr'><strong>partes</strong></span> <span class='ocrx_word' id='word_1_9' title='bbox 208 451 372 544; x_wconf 78' lang='lat' dir='ltr'><strong>aliquae,</strong></span> <span class='ocrx_word' id='word_1_10' title='bbox 396 462 542 542; x_wconf 88' lang='lat' dir='ltr'><strong>turgent</strong></span> <span class='ocrx_word' id='word_1_11' title='bbox 559 473 600 518; x_wconf 89' lang='lat' dir='ltr'><strong>ea</strong></span> <span class='ocrx_word' id='word_1_12' title='bbox 619 426 818 532; x_wconf 75' lang='lat' dir='ltr'><strong>crescente,</strong></span> <span class='ocrx_word' id='word_1_13' title='bbox 852 459 888 518; x_wconf 91' lang='grc'><strong>31</strong></span> <span class='ocrx_word' id='word_1_14' title='bbox 909 443 1076 518; x_wconf 81' lang='lat' dir='ltr'><strong>are’s&#39;cunt</strong></span> <span class='ocrx_word' id='word_1_15' title='bbox 1128 445 1225 516; x_wconf 84' lang='lat' dir='ltr'><strong>iuxta</strong></span> <span class='ocrx_word' id='word_1_16' title='bbox 1248 441 1386 538; x_wconf 84' lang='lat' dir='ltr'><strong>positus</strong></span> <span class='ocrx_word' id='word_1_17' title='bbox 1410 443 1591 516; x_wconf 88' lang='lat' dir='ltr'><strong>stellarum</strong></span> <span class='ocrx_word' id='word_1_18' title='bbox 1617 445 1843 537; x_wconf 71' lang='lat' dir='ltr'>praedicere,</span> <span class='ocrx_word' id='word_1_19' title='bbox 1886 436 1984 542; x_wconf 92' lang='lat' dir='ltr'><strong>quod</strong></span> <span class='ocrx_word' id='word_1_20' title='bbox 2006 449 2128 520; x_wconf 85' lang='lat' dir='ltr'><strong>lutura</strong></span> 
     </span>
     <span class='ocr_line' id='line_1_3' title="bbox 76 529 2129 632; baseline -0.002 -5"><span class='ocrx_word' id='word_1_21' title='bbox 76 581 115 627; x_wconf 89' lang='grc'><strong>33</strong></span> <span class='ocrx_word' id='word_1_22' title='bbox 141 555 380 624; x_wconf 78' lang='lat' dir='ltr'><strong>decrescente.</strong></span> <span class='ocrx_word' id='word_1_23' title='bbox 549 582 555 590; x_wconf 83' lang='lat'><strong>·</strong></span> <span class='ocrx_word' id='word_1_24' title='bbox 1077 548 1200 619; x_wconf 87' lang='lat' dir='ltr'><strong>·sint</strong></span> <span class='ocrx_word' id='word_1_25' title='bbox 1225 542 1398 618; x_wconf 90' lang='lat' dir='ltr'><strong>calidiora</strong></span> <span class='ocrx_word' id='word_1_26' title='bbox 1427 558 1490 618; x_wconf 91' lang='lat' dir='ltr'><strong>aut</strong></span> <span class='ocrx_word' id='word_1_27' title='bbox 1511 529 1739 632; x_wconf 89' lang='lat' dir='ltr'><strong>bumidiora,</strong></span> <span class='ocrx_word' id='word_1_28' title='bbox 1773 562 1850 621; x_wconf 89' lang='lat' dir='ltr'><strong>turn</strong></span> <span class='ocrx_word' id='word_1_29' title='bbox 1872 551 1916 620; x_wconf 90' lang='lat' dir='ltr'><strong>de</strong></span> <span class='ocrx_word' id='word_1_30' title='bbox 1937 542 2129 622; x_wconf 80' lang='lat' dir='ltr'><strong>bominum</strong></span> 
     </span>
     <span class='ocr_line' id='line_1_4' title="bbox 175 645 2130 752; baseline 0.001 -28"><span class='ocrx_word' id='word_1_31' title='bbox 175 655 321 725; x_wconf 81' lang='lat' dir='ltr'><strong>Deinde</strong></span> <span class='ocrx_word' id='word_1_32' title='bbox 335 655 469 738; x_wconf 87' lang='lat' dir='ltr'><strong>stellae,</strong></span> <span class='ocrx_word' id='word_1_33' title='bbox 485 668 561 724; x_wconf 91' lang='lat' dir='ltr'><strong>tum</strong></span> <span class='ocrx_word' id='word_1_34' title='bbox 579 655 669 724; x_wconf 82' lang='lat' dir='ltr'><strong>lixae</strong></span> <span class='ocrx_word' id='word_1_35' title='bbox 684 665 760 723; x_wconf 90' lang='lat' dir='ltr'><strong>tum</strong></span> <span class='ocrx_word' id='word_1_36' title='bbox 778 663 950 735; x_wconf 74' lang='lat' dir='ltr'><strong>errantes,</strong></span> <span class='ocrx_word' id='word_1_37' title='bbox 967 645 1076 740; x_wconf 91' lang='lat' dir='ltr'><strong>signi-</strong></span> <span class='ocrx_word' id='word_1_38' title='bbox 1128 651 1422 744; x_wconf 77' lang='lat' dir='ltr'><strong>temperamentis</strong></span> <span class='ocrx_word' id='word_1_39' title='bbox 1440 676 1482 752; x_wconf 80' lang='lat' dir='ltr'><strong>er</strong></span> <span class='ocrx_word' id='word_1_40' title='bbox 1500 649 1589 718; x_wconf 90' lang='lat' dir='ltr'><strong>coeii</strong></span> <span class='ocrx_word' id='word_1_41' title='bbox 1604 651 1775 745; x_wconf 87' lang='lat' dir='ltr'><strong>qualitate</strong></span> <span class='ocrx_word' id='word_1_42' title='bbox 1794 653 1980 736; x_wconf 78' lang='lat' dir='ltr'><strong>iudicare?</strong></span> <span class='ocrx_word' id='word_1_43' title='bbox 2017 655 2130 725; x_wconf 80' lang='lat' dir='ltr'><strong>veluti</strong></span> 
     </span>
     <span class='ocr_line' id='line_1_5' title="bbox 76 754 2129 847; baseline -0.001 -17"><span class='ocrx_word' id='word_1_44' title='bbox 76 762 181 830; x_wconf 88' lang='lat' dir='ltr'><strong>licant</strong></span> <span class='ocrx_word' id='word_1_45' title='bbox 196 759 237 828; x_wconf 85' lang='lat' dir='ltr'><strong>ib</strong></span> <span class='ocrx_word' id='word_1_46' title='bbox 256 782 339 828; x_wconf 90' lang='lat' dir='ltr'><strong>aere</strong></span> <span class='ocrx_word' id='word_1_47' title='bbox 355 759 413 828; x_wconf 88' lang='lat' dir='ltr'><strong>vel</strong></span> <span class='ocrx_word' id='word_1_48' title='bbox 428 763 569 841; x_wconf 71' lang='lat' dir='ltr'><strong>aestus,</strong></span> <span class='ocrx_word' id='word_1_49' title='bbox 593 757 651 825; x_wconf 88' lang='lat' dir='ltr'><strong>vei</strong></span> <span class='ocrx_word' id='word_1_50' title='bbox 669 756 787 836; x_wconf 82' lang='lat' dir='ltr'><strong>nives3</strong></span> <span class='ocrx_word' id='word_1_51' title='bbox 820 757 918 825; x_wconf 90' lang='lat' dir='ltr'><strong>unde</strong></span> <span class='ocrx_word' id='word_1_52' title='bbox 944 766 979 822; x_wconf 90' lang='grc'><strong>31</strong></span> <span class='ocrx_word' id='word_1_53' title='bbox 999 754 1081 822; x_wconf 74' lang='grc' dir='ltr'><strong>33ιὶ</strong></span> <span class='ocrx_word' id='word_1_54' title='bbox 1130 777 1259 847; x_wconf 91' lang='lat' dir='ltr'><strong>corpus</strong></span> <span class='ocrx_word' id='word_1_55' title='bbox 1276 755 1426 825; x_wconf 89' lang='lat' dir='ltr'><strong>alicuius</strong></span> <span class='ocrx_word' id='word_1_56' title='bbox 1442 774 1515 824; x_wconf 88' lang='lat' dir='ltr'><strong>esse</strong></span> <span class='ocrx_word' id='word_1_57' title='bbox 1529 754 1623 837; x_wconf 88' lang='lat' dir='ltr'><strong>t&#39;ale,</strong></span> <span class='ocrx_word' id='word_1_58' title='bbox 1649 766 1685 823; x_wconf 90' lang='lat' dir='ltr'><strong>et</strong></span> <span class='ocrx_word' id='word_1_59' title='bbox 1697 777 1817 826; x_wconf 87' lang='lat' dir='ltr'><strong>mores</strong></span> <span class='ocrx_word' id='word_1_60' title='bbox 1834 757 1947 826; x_wconf 84' lang='lat' dir='ltr'><strong>animi</strong></span> <span class='ocrx_word' id='word_1_61' title='bbox 1937 757 2070 842; x_wconf 79' lang='grc'>13133,</span> <span class='ocrx_word' id='word_1_62' title='bbox 2093 769 2129 828; x_wconf 88' lang='grc'><strong>31</strong></span> 
     </span>
     <span class='ocr_line' id='line_1_6' title="bbox 76 857 2129 954; baseline -0 -24"><span class='ocrx_word' id='word_1_63' title='bbox 76 876 150 932; x_wconf 88' lang='lat' dir='ltr'><strong>tera</strong></span> <span class='ocrx_word' id='word_1_64' title='bbox 165 873 313 930; x_wconf 88' lang='lat' dir='ltr'><strong>terrena</strong></span> <span class='ocrx_word' id='word_1_65' title='bbox 331 861 559 932; x_wconf 76' lang='lat' dir='ltr'><strong>adliciuntur.</strong></span> <span class='ocrx_word' id='word_1_66' title='bbox 610 857 712 952; x_wconf 90' lang='lat' dir='ltr'><strong>ipsae</strong></span> <span class='ocrx_word' id='word_1_67' title='bbox 727 883 812 928; x_wconf 81' lang='lat' dir='ltr'><strong>vero</strong></span> <span class='ocrx_word' id='word_1_68' title='bbox 831 859 926 927; x_wconf 88' lang='lat' dir='ltr'><strong>inter</strong></span> <span class='ocrx_word' id='word_1_69' title='bbox 938 879 976 926; x_wconf 93' lang='lat' dir='ltr'><strong>se</strong></span> <span class='ocrx_word' id='word_1_70' title='bbox 993 879 1080 925; x_wconf 90' lang='lat' dir='ltr'><strong>con-·</strong></span> <span class='ocrx_word' id='word_1_71' title='bbox 1130 871 1314 929; x_wconf 88' lang='lat' dir='ltr'><strong>secuturos</strong></span> <span class='ocrx_word' id='word_1_72' title='bbox 1339 863 1412 928; x_wconf 86' lang='lat' dir='ltr'><strong>csse</strong></span> <span class='ocrx_word' id='word_1_73' title='bbox 1433 857 1531 926; x_wconf 56' lang='lat' dir='ltr'><strong>‘tales‘</strong></span> <span class='ocrx_word' id='word_1_74' title='bbox 1544 867 1714 942; x_wconf 86' lang='lat' dir='ltr'><strong>eventus,</strong></span> <span class='ocrx_word' id='word_1_75' title='bbox 1750 858 1835 952; x_wconf 88' lang='lat' dir='ltr'><strong>quia</strong></span> <span class='ocrx_word' id='word_1_76' title='bbox 1860 859 2129 954; x_wconf 82' lang='lat' dir='ltr'><strong>coeli‘qualitas</strong></span> 
     </span>
     <span class='ocr_line' id='line_1_7' title="bbox 75 959 2132 1058; baseline -0.001 -24"><span class='ocrx_word' id='word_1_77' title='bbox 75 987 217 1058; x_wconf 86' lang='lat' dir='ltr'><strong>gressae</strong></span> <span class='ocrx_word' id='word_1_78' title='bbox 233 964 384 1036; x_wconf 84' lang='lat' dir='ltr'><strong>miscent</strong></span> <span class='ocrx_word' id='word_1_79' title='bbox 400 975 626 1056; x_wconf 90' lang='lat' dir='ltr'><strong>potestatem,</strong></span> <span class='ocrx_word' id='word_1_80' title='bbox 642 974 677 1030; x_wconf 92' lang='lat' dir='ltr'><strong>et</strong></span> <span class='ocrx_word' id='word_1_81' title='bbox 691 963 809 1033; x_wconf 85' lang='lat' dir='ltr'><strong>varias</strong></span> <span class='ocrx_word' id='word_1_82' title='bbox 825 961 983 1031; x_wconf 86' lang='lat' dir='ltr'><strong>eiiic&#39;innt</strong></span> <span class='ocrx_word' id='word_1_83' title='bbox 999 983 1079 1028; x_wconf 88' lang='lat' dir='ltr'><strong>mu·</strong></span> <span class='ocrx_word' id='word_1_84' title='bbox 1129 970 1414 1054; x_wconf 90' lang='lat' dir='ltr'><strong>temperamento</strong></span> <span class='ocrx_word' id='word_1_85' title='bbox 1430 959 1646 1030; x_wconf 86' lang='lat' dir='ltr'><strong>conveniens</strong></span> <span class='ocrx_word' id='word_1_86' title='bbox 1662 973 1697 1030; x_wconf 91' lang='lat' dir='ltr'><strong>et</strong></span> <span class='ocrx_word' id='word_1_87' title='bbox 1712 961 1842 1031; x_wconf 88' lang='lat' dir='ltr'><strong>idonea</strong></span> <span class='ocrx_word' id='word_1_88' title='bbox 1859 962 1905 1036; x_wconf 83' lang='lat' dir='ltr'><strong>sit</strong></span> <span class='ocrx_word' id='word_1_89' title='bbox 1920 964 1975 1032; x_wconf 86' lang='lat' dir='ltr'><strong>ad·</strong></span> <span class='ocrx_word' id='word_1_90' title='bbox 1990 965 2132 1046; x_wconf 80' lang='lat' dir='ltr'><strong>bonurn</strong></span> 
     </span>
     <span class='ocr_line' id='line_1_8' title="bbox 76 1060 2102 1161; baseline -0 -25"><span class='ocrx_word' id='word_1_91' title='bbox 76 1069 252 1147; x_wconf 86' lang='lat' dir='ltr'><strong>tationes;</strong></span> <span class='ocrx_word' id='word_1_92' title='bbox 284 1067 324 1136; x_wconf 93' lang='lat' dir='ltr'><strong>in</strong></span> <span class='ocrx_word' id='word_1_93' title='bbox 349 1065 478 1161; x_wconf 93' lang='lat' dir='ltr'><strong>quibus</strong></span> <span class='ocrx_word' id='word_1_94' title='bbox 500 1065 565 1136; x_wconf 91' lang='lat' dir='ltr'><strong>etsi</strong></span> <span class='ocrx_word' id='word_1_95' title='bbox 588 1067 767 1136; x_wconf 86' lang='lat' dir='ltr'><strong>antecellit</strong></span> <span class='ocrx_word' id='word_1_96' title='bbox 787 1067 842 1138; x_wconf 88' lang='lat' dir='ltr'><strong>vis</strong></span> <span class='ocrx_word' id='word_1_97' title='bbox 863 1063 975 1146; x_wconf 89' lang='lat' dir='ltr'><strong>Solis,</strong></span> <span class='ocrx_word' id='word_1_98' title='bbox 1009 1085 1077 1153; x_wconf 92' lang='lat' dir='ltr'><strong>pro</strong></span> <span class='ocrx_word' id='word_1_99' title='bbox 1130 1061 1310 1144; x_wconf 89' lang='lat' dir='ltr'><strong>babitom;</strong></span> <span class='ocrx_word' id='word_1_100' title='bbox 1335 1075 1398 1134; x_wconf 90' lang='lat' dir='ltr'><strong>aut</strong></span> <span class='ocrx_word' id='word_1_101' title='bbox 1412 1062 1458 1134; x_wconf 89' lang='lat' dir='ltr'><strong>sit</strong></span> <span class='ocrx_word' id='word_1_102' title='bbox 1474 1063 1654 1132; x_wconf 87' lang='lat' dir='ltr'><strong>contraria</strong></span> <span class='ocrx_word' id='word_1_103' title='bbox 1674 1073 1708 1132; x_wconf 91' lang='lat' dir='ltr'><strong>et</strong></span> <span class='ocrx_word' id='word_1_104' title='bbox 1723 1064 1936 1134; x_wconf 85' lang='lat' dir='ltr'><strong>detrimenta</strong></span> <span class='ocrx_word' id='word_1_105' title='bbox 1954 1060 2102 1138; x_wconf 77' lang='lat' dir='ltr'><strong>adierat.</strong></span> 
     </span>
     <span class='ocr_line' id='line_1_9' title="bbox 77 1165 2133 1264; baseline -0.001 -25"><span class='ocrx_word' id='word_1_106' title='bbox 77 1170 238 1260; x_wconf 88' lang='lat' dir='ltr'><strong>generali</strong></span> <span class='ocrx_word' id='word_1_107' title='bbox 269 1169 545 1252; x_wconf 89' lang='lat' dir='ltr'><strong>constitutione,</strong></span> <span class='ocrx_word' id='word_1_108' title='bbox 586 1179 707 1238; x_wconf 89' lang='lat' dir='ltr'><strong>tamen</strong></span> <span class='ocrx_word' id='word_1_109' title='bbox 728 1170 891 1264; x_wconf 91' lang='lat' dir='ltr'><strong>reliquae</strong></span> <span class='ocrx_word' id='word_1_110' title='bbox 921 1178 985 1236; x_wconf 90' lang='lat' dir='ltr'><strong>aut</strong></span> <span class='ocrx_word' id='word_1_111' title='bbox 1016 1166 1078 1233; x_wconf 85' lang='lat' dir='ltr'><strong>ad·</strong></span> <span class='ocrx_word' id='word_1_112' title='bbox 1232 1165 1284 1235; x_wconf 81' lang='lat' dir='ltr'><strong>bc</strong></span> <span class='ocrx_word' id='word_1_113' title='bbox 1311 1167 1400 1236; x_wconf 85' lang='lat' dir='ltr'><strong>tales</strong></span> <span class='ocrx_word' id='word_1_114' title='bbox 1434 1167 1578 1236; x_wconf 88' lang='lat' dir='ltr'><strong>effectus</strong></span> <span class='ocrx_word' id='word_1_115' title='bbox 1605 1167 1753 1237; x_wconf 81' lang='lat' dir='ltr'><strong>existere</strong></span> <span class='ocrx_word' id='word_1_116' title='bbox 1774 1179 1809 1236; x_wconf 87' lang='grc'><strong>31</strong></span> <span class='ocrx_word' id='word_1_117' title='bbox 1831 1191 1915 1238; x_wconf 84' lang='lat' dir='ltr'><strong>vera</strong></span> <span class='ocrx_word' id='word_1_118' title='bbox 1940 1180 2025 1238; x_wconf 86' lang='lat' dir='ltr'><strong>arte</strong></span> <span class='ocrx_word' id='word_1_119' title='bbox 2038 1191 2133 1263; x_wconf 53' lang='lat' dir='ltr'><strong>proc</strong></span> 
     </span>
     <span class='ocr_line' id='line_1_10' title="bbox 77 1265 2129 1408; baseline 0 -68"><span class='ocrx_word' id='word_1_120' title='bbox 77 1271 206 1342; x_wconf 90' lang='lat' dir='ltr'><strong>iiciunt</strong></span> <span class='ocrx_word' id='word_1_121' title='bbox 229 1285 294 1342; x_wconf 89' lang='lat' dir='ltr'><strong>ant</strong></span> <span class='ocrx_word' id='word_1_122' title='bbox 311 1273 521 1342; x_wconf 88' lang='lat' dir='ltr'><strong>diminuunt</strong></span> <span class='ocrx_word' id='word_1_123' title='bbox 542 1269 721 1365; x_wconf 88' lang='lat' dir='ltr'><strong>aliquid.</strong></span> <span class='ocrx_word' id='word_1_124' title='bbox 1130 1269 1218 1408; x_wconf 88' lang='lat' dir='ltr'><strong>spici</strong></span> <span class='ocrx_word' id='word_1_125' title='bbox 1236 1292 1276 1337; x_wconf 89' lang='lat' dir='ltr'><strong>ac</strong></span> <span class='ocrx_word' id='word_1_126' title='bbox 1291 1268 1449 1362; x_wconf 82' lang='lat' dir='ltr'><strong>praedici</strong></span> <span class='ocrx_word' id='word_1_127' title='bbox 1468 1289 1592 1362; x_wconf 88' lang='lat' dir='ltr'><strong>posse,</strong></span> <span class='ocrx_word' id='word_1_128' title='bbox 1620 1293 1662 1338; x_wconf 85' lang='lat' dir='ltr'><strong>er</strong></span> <span class='ocrx_word' id='word_1_129' title='bbox 1675 1265 1741 1340; x_wconf 85' lang='lat' dir='ltr'><strong>¹bis</strong></span> <span class='ocrx_word' id='word_1_130' title='bbox 1762 1281 1799 1340; x_wconf 89' lang='grc'><strong>31</strong></span> <span class='ocrx_word' id='word_1_131' title='bbox 1814 1269 1990 1342; x_wconf 83' lang='lat' dir='ltr'><strong>similibus</strong></span> <span class='ocrx_word' id='word_1_132' title='bbox 2003 1269 2129 1366; x_wconf 89' lang='lat' dir='ltr'><strong>liquet.</strong></span> 
     </span>
     <span class='ocr_line' id='line_1_11' title="bbox 177 1368 2216 1469; baseline -0.001 -23"><span class='ocrx_word' id='word_1_133' title='bbox 177 1377 234 1446; x_wconf 82' lang='lat' dir='ltr'><strong>Ac</strong></span> <span class='ocrx_word' id='word_1_134' title='bbox 256 1373 397 1444; x_wconf 80' lang='lat' dir='ltr'><strong>Lunae</strong></span> <span class='ocrx_word' id='word_1_135' title='bbox 406 1374 552 1469; x_wconf 88' lang='lat' dir='ltr'><strong>quidem</strong></span> <span class='ocrx_word' id='word_1_136' title='bbox 582 1375 726 1444; x_wconf 82' lang='lat' dir='ltr'><strong>effectus</strong></span> <span class='ocrx_word' id='word_1_137' title='bbox 754 1368 1017 1442; x_wconf 83' lang='grc'>(3331133113333</span> <span class='ocrx_word' id='word_1_138' title='bbox 1044 1379 1080 1438; x_wconf 87' lang='grc'><strong>31</strong></span> <span class='ocrx_word' id='word_1_139' title='bbox 1234 1371 1342 1466; x_wconf 89' lang='lat' dir='ltr'><strong>Quod</strong></span> <span class='ocrx_word' id='word_1_140' title='bbox 1356 1383 1474 1442; x_wconf 90' lang='lat' dir='ltr'><strong>autem</strong></span> <span class='ocrx_word' id='word_1_141' title='bbox 1492 1370 1605 1466; x_wconf 83' lang='lat' dir='ltr'><strong>aquur</strong></span> <span class='ocrx_word' id='word_1_142' title='bbox 1620 1372 1887 1444; x_wconf 79' lang='lat' dir='ltr'><strong>calumniantur</strong></span> <span class='ocrx_word' id='word_1_143' title='bbox 1912 1385 2027 1443; x_wconf 89' lang='lat' dir='ltr'><strong>artem</strong></span> <span class='ocrx_word' id='word_1_144' title='bbox 2051 1387 2132 1443; x_wconf 86' lang='lat' dir='ltr'><strong>tan</strong></span> <span class='ocrx_word' id='word_1_145' title='bbox 2214 1405 2216 1410; x_wconf 95' lang='lat'>·</span> 
     </span>
     <span class='ocr_line' id='line_1_12' title="bbox 78 1453 2129 1596; baseline -0.001 -48"><span class='ocrx_word' id='word_1_146' title='bbox 78 1477 280 1550; x_wconf 86' lang='lat' dir='ltr'><strong>crebriores</strong></span> <span class='ocrx_word' id='word_1_147' title='bbox 301 1490 403 1566; x_wconf 88' lang='grc' dir='ltr'><strong>3331.Ι</strong></span> <span class='ocrx_word' id='word_1_148' title='bbox 440 1489 484 1547; x_wconf 89' lang='grc'><strong>31</strong></span> <span class='ocrx_word' id='word_1_149' title='bbox 501 1475 540 1545; x_wconf 86' lang='grc'><strong>13</strong></span> <span class='ocrx_word' id='word_1_150' title='bbox 565 1475 838 1558; x_wconf 88' lang='lat' dir='ltr'><strong>coniunctione,</strong></span> <span class='ocrx_word' id='word_1_151' title='bbox 868 1471 1080 1570; x_wconf 87' lang='lat' dir='ltr'><strong>quadranti·</strong></span> <span class='ocrx_word' id='word_1_152' title='bbox 1132 1499 1240 1570; x_wconf 92' lang='lat' dir='ltr'><strong>quam</strong></span> <span class='ocrx_word' id='word_1_153' title='bbox 1276 1453 1556 1596; x_wconf 81' lang='lat' dir='ltr'><strong>impqssibilem,</strong></span> <span class='ocrx_word' id='word_1_154' title='bbox 1598 1474 1673 1544; x_wconf 86' lang='lat' dir='ltr'><strong>etsi</strong></span> <span class='ocrx_word' id='word_1_155' title='bbox 1697 1467 2129 1571; x_wconf 70' lang='grc'>333333333313333133,</span> 
     </span>
     <span class='ocr_line' id='line_1_13' title="bbox 75 1556 2131 1678; baseline -0 -28"><span class='ocrx_word' id='word_1_156' title='bbox 75 1581 191 1652; x_wconf 85' lang='grc'>33331</span> <span class='ocrx_word' id='word_1_157' title='bbox 208 1556 417 1672; x_wconf 86' lang='lat' dir='ltr'><strong>pleniluniis</strong></span> <span class='ocrx_word' id='word_1_158' title='bbox 435 1569 597 1672; x_wconf 81' lang='lat' dir='ltr'><strong>apparet.</strong></span> <span class='ocrx_word' id='word_1_159' title='bbox 647 1559 824 1674; x_wconf 82' lang='lat' dir='ltr'><strong>Reliquae</strong></span> <span class='ocrx_word' id='word_1_160' title='bbox 845 1601 934 1650; x_wconf 83' lang='lat' dir='ltr'><strong>vero</strong></span> <span class='ocrx_word' id='word_1_161' title='bbox 957 1576 1079 1648; x_wconf 89' lang='lat' dir='ltr'><strong>stellae</strong></span> <span class='ocrx_word' id='word_1_162' title='bbox 1131 1590 1253 1648; x_wconf 91' lang='lat' dir='ltr'><strong>tamen</strong></span> <span class='ocrx_word' id='word_1_163' title='bbox 1274 1573 1374 1648; x_wconf 91' lang='lat' dir='ltr'><strong>has</strong></span> <span class='ocrx_word' id='word_1_164' title='bbox 1364 1601 1489 1650; x_wconf 80' lang='lat' dir='ltr'><strong>inanes</strong></span> <span class='ocrx_word' id='word_1_165' title='bbox 1514 1601 1589 1649; x_wconf 83' lang='lat' dir='ltr'><strong>esse</strong></span> <span class='ocrx_word' id='word_1_166' title='bbox 1606 1576 1656 1650; x_wconf 90' lang='lat' dir='ltr'><strong>sic</strong></span> <span class='ocrx_word' id='word_1_167' title='bbox 1678 1579 1829 1678; x_wconf 80' lang='lat' dir='ltr'><strong>intelligi</strong></span> <span class='ocrx_word' id='word_1_168' title='bbox 1851 1581 2029 1672; x_wconf 74' lang='lat' dir='ltr'><strong>poterit·</strong></span> <span class='ocrx_word' id='word_1_169' title='bbox 2048 1579 2131 1650; x_wconf 77' lang='lat' dir='ltr'><strong>Pri-¹</strong></span> 
     </span>
     <span class='ocr_line' id='line_1_14' title="bbox 74 1666 2130 1782; baseline -0.001 -28"><span class='ocrx_word' id='word_1_170' title='bbox 74 1683 244 1775; x_wconf 86' lang='lat' dir='ltr'><strong>longiora</strong></span> <span class='ocrx_word' id='word_1_171' title='bbox 278 1683 469 1753; x_wconf 84' lang='lat' dir='ltr'><strong>intervalia</strong></span> <span class='ocrx_word' id='word_1_172' title='bbox 502 1679 655 1766; x_wconf 87' lang='lat' dir='ltr'><strong>babent,</strong></span> <span class='ocrx_word' id='word_1_173' title='bbox 681 1695 735 1754; x_wconf 89' lang='grc'><strong>31</strong></span> <span class='ocrx_word' id='word_1_174' title='bbox 771 1679 996 1752; x_wconf 87' lang='lat' dir='ltr'><strong>obscuriores</strong></span> <span class='ocrx_word' id='word_1_175' title='bbox 1030 1679 1080 1748; x_wconf 85' lang='lat' dir='ltr'><strong>ef-</strong></span> <span class='ocrx_word' id='word_1_176' title='bbox 1131 1707 1258 1766; x_wconf 80' lang='lat' dir='ltr'><strong>mum,</strong></span> <span class='ocrx_word' id='word_1_177' title='bbox 1278 1701 1357 1752; x_wconf 87' lang='lat' dir='ltr'><strong>cnm</strong></span> <span class='ocrx_word' id='word_1_178' title='bbox 1379 1681 1535 1766; x_wconf 88' lang='lat' dir='ltr'><strong>indocti,</strong></span> <span class='ocrx_word' id='word_1_179' title='bbox 1559 1691 1601 1750; x_wconf 91' lang='lat' dir='ltr'><strong>ut</strong></span> <span class='ocrx_word' id='word_1_180' title='bbox 1624 1679 1663 1749; x_wconf 91' lang='lat' dir='ltr'><strong>in</strong></span> <span class='ocrx_word' id='word_1_181' title='bbox 1688 1666 1976 1754; x_wconf 83' lang='lat' dir='ltr'><strong>consideratione</strong></span> <span class='ocrx_word' id='word_1_182' title='bbox 1998 1705 2130 1782; x_wconf 66' lang='lat' dir='ltr'><strong>magara</strong></span> 
     </span>
     <span class='ocr_line' id='line_1_15' title="bbox 73 1778 2134 1880; baseline -0 -24"><span class='ocrx_word' id='word_1_183' title='bbox 73 1787 270 1872; x_wconf 84' lang='lat' dir='ltr'><strong>lectiones,</strong></span> <span class='ocrx_word' id='word_1_184' title='bbox 296 1787 382 1857; x_wconf 91' lang='lat' dir='ltr'><strong>dum</strong></span> <span class='ocrx_word' id='word_1_185' title='bbox 400 1783 488 1856; x_wconf 87' lang='lat' dir='ltr'><strong>airas</strong></span> <span class='ocrx_word' id='word_1_186' title='bbox 501 1797 698 1878; x_wconf 71' lang='lat' dir='ltr'><strong>apparent</strong></span> <span class='ocrx_word' id='word_1_187' title='bbox 728 1783 816 1854; x_wconf 86' lang='grc'>31133</span> <span class='ocrx_word' id='word_1_188' title='bbox 839 1783 1079 1866; x_wconf 59' lang='grc'>3331133133</span> <span class='ocrx_word' id='word_1_189' title='bbox 1131 1797 1166 1853; x_wconf 90' lang='grc'><strong>31</strong></span> <span class='ocrx_word' id='word_1_190' title='bbox 1190 1784 1400 1877; x_wconf 90' lang='lat' dir='ltr'><strong>multiplici,</strong></span> <span class='ocrx_word' id='word_1_191' title='bbox 1440 1807 1559 1876; x_wconf 84' lang='lat' dir='ltr'><strong>saepe</strong></span> <span class='ocrx_word' id='word_1_192' title='bbox 1554 1778 1851 1880; x_wconf 72' lang='lat' dir='ltr'><strong>hallucinentnr,</strong></span> <span class='ocrx_word' id='word_1_193' title='bbox 1894 1785 2040 1869; x_wconf 89' lang='lat' dir='ltr'><strong>accidit,</strong></span> <span class='ocrx_word' id='word_1_194' title='bbox 2075 1797 2134 1872; x_wconf 68' lang='lat' dir='ltr'><strong>ut,</strong></span> 
     </span>
     <span class='ocr_line' id='line_1_16' title="bbox 75 1877 2132 2008; baseline -0 -49"><span class='ocrx_word' id='word_1_195' title='bbox 75 1883 1080 2008; x_wconf 64' lang='grc'>311333313331113313311333331133311331.(1113331</span> <span class='ocrx_word' id='word_1_196' title='bbox 1131 1888 1159 1959; x_wconf 91' lang='lat' dir='ltr'><strong>si</strong></span> <span class='ocrx_word' id='word_1_197' title='bbox 1180 1908 1250 1983; x_wconf 87' lang='lat' dir='ltr'><strong>qna</strong></span> <span class='ocrx_word' id='word_1_198' title='bbox 1268 1911 1350 1957; x_wconf 85' lang='lat' dir='ltr'><strong>vera</strong></span> <span class='ocrx_word' id='word_1_199' title='bbox 1367 1887 1643 2008; x_wconf 75' lang='lat' dir='ltr'><strong>praedicuntur,</strong></span> <span class='ocrx_word' id='word_1_200' title='bbox 1674 1903 1758 1958; x_wconf 86' lang='lat' dir='ltr'><strong>casu</strong></span> <span class='ocrx_word' id='word_1_201' title='bbox 1782 1889 1905 1980; x_wconf 80' lang='lat' dir='ltr'><strong>magis</strong></span> <span class='ocrx_word' id='word_1_202' title='bbox 1919 1877 2027 1984; x_wconf 84' lang='lat' dir='ltr'><strong>quam</strong></span> <span class='ocrx_word' id='word_1_203' title='bbox 2053 1900 2132 1958; x_wconf 68' lang='lat' dir='ltr'><strong>arte</strong></span> 
     </span>
     <span class='ocr_line' id='line_1_17' title="bbox 80 1967 2131 2110; baseline -0.001 -47"><span class='ocrx_word' id='word_1_204' title='bbox 80 1991 437 2086; x_wconf 80' lang='lat' dir='ltr'><strong>quisconsiderabit,</strong></span> <span class='ocrx_word' id='word_1_205' title='bbox 463 1991 661 2084; x_wconf 87' lang='lat' dir='ltr'><strong>comperiet</strong></span> <span class='ocrx_word' id='word_1_206' title='bbox 682 2017 759 2062; x_wconf 89' lang='lat' dir='ltr'><strong>non</strong></span> <span class='ocrx_word' id='word_1_207' title='bbox 779 1973 897 2062; x_wconf 87' lang='lat' dir='ltr'><strong>solum</strong></span> <span class='ocrx_word' id='word_1_208' title='bbox 907 2003 1080 2082; x_wconf 77' lang='lat' dir='ltr'><strong>corpora,</strong></span> <span class='ocrx_word' id='word_1_209' title='bbox 1132 1989 1265 2110; x_wconf 90' lang='lat' dir='ltr'><strong>aliqua</strong></span> <span class='ocrx_word' id='word_1_210' title='bbox 1267 1967 1453 2084; x_wconf 83' lang='lat' dir='ltr'><strong>&#39;praedicta</strong></span> <span class='ocrx_word' id='word_1_211' title='bbox 1475 1990 1732 2062; x_wconf 83' lang='lat' dir='ltr'><strong>existimentur.</strong></span> <span class='ocrx_word' id='word_1_212' title='bbox 1785 1991 1863 2062; x_wconf 72' lang='lat' dir='ltr'><strong>osa</strong></span> <span class='ocrx_word' id='word_1_213' title='bbox 1876 1991 2052 2085; x_wconf 88' lang='lat' dir='ltr'><strong>iniquum</strong></span> <span class='ocrx_word' id='word_1_214' title='bbox 2077 2001 2131 2093; x_wconf 83' lang='lat' dir='ltr'><strong>est</strong></span> 
     </span>
     <span class='ocr_line' id='line_1_18' title="bbox 77 2085 2131 2190; baseline -0.001 -25"><span class='ocrx_word' id='word_1_215' title='bbox 77 2107 272 2190; x_wconf 85' lang='lat' dir='ltr'><strong>postquam</strong></span> <span class='ocrx_word' id='word_1_216' title='bbox 288 2109 375 2166; x_wconf 88' lang='lat' dir='ltr'><strong>nata</strong></span> <span class='ocrx_word' id='word_1_217' title='bbox 393 2105 429 2164; x_wconf 90' lang='lat' dir='ltr'><strong>et</strong></span> <span class='ocrx_word' id='word_1_218' title='bbox 445 2095 607 2166; x_wconf 88' lang='grc'>33331313</span> <span class='ocrx_word' id='word_1_219' title='bbox 624 2109 725 2180; x_wconf 88' lang='grc'>3331,</span> <span class='ocrx_word' id='word_1_220' title='bbox 759 2095 862 2164; x_wconf 87' lang='lat' dir='ltr'><strong>adlici</strong></span> <span class='ocrx_word' id='word_1_221' title='bbox 880 2098 982 2162; x_wconf 86' lang='lat' dir='ltr'><strong>motu</strong></span> <span class='ocrx_word' id='word_1_222' title='bbox 1000 2115 1080 2162; x_wconf 84' lang='lat' dir='ltr'><strong>coe·-</strong></span> <span class='ocrx_word' id='word_1_223' title='bbox 1132 2096 1201 2164; x_wconf 89' lang='grc'>331(</span> <span class='ocrx_word' id='word_1_224' title='bbox 1215 2094 1416 2166; x_wconf 81' lang='lat' dir='ltr'><strong>adscribere</strong></span> <span class='ocrx_word' id='word_1_225' title='bbox 1428 2107 1569 2176; x_wconf 87' lang='lat' dir='ltr'><strong>errata</strong></span> <span class='ocrx_word' id='word_1_226' title='bbox 1595 2117 1688 2188; x_wconf 90' lang='lat' dir='ltr'><strong>quae</strong></span> <span class='ocrx_word' id='word_1_227' title='bbox 1711 2095 1755 2163; x_wconf 90' lang='lat' dir='ltr'><strong>ab</strong></span> <span class='ocrx_word' id='word_1_228' title='bbox 1777 2093 2020 2164; x_wconf 84' lang='lat' dir='ltr'><strong>imbecillitate</strong></span> <span class='ocrx_word' id='word_1_229' title='bbox 2046 2085 2131 2186; x_wconf 56' lang='lat' dir='ltr'><strong>pros</strong></span> 
     </span>
     <span class='ocr_line' id='line_1_19' title="bbox 77 2177 2131 2292; baseline -0 -26"><span class='ocrx_word' id='word_1_230' title='bbox 77 2198 241 2282; x_wconf 88' lang='lat' dir='ltr'><strong>lestinnr,</strong></span> <span class='ocrx_word' id='word_1_231' title='bbox 267 2199 330 2268; x_wconf 89' lang='lat' dir='ltr'><strong>sed</strong></span> <span class='ocrx_word' id='word_1_232' title='bbox 348 2197 455 2268; x_wconf 89' lang='lat' dir='ltr'><strong>etiam</strong></span> <span class='ocrx_word' id='word_1_233' title='bbox 473 2197 611 2268; x_wconf 88' lang='lat' dir='ltr'><strong>semina</strong></span> <span class='ocrx_word' id='word_1_234' title='bbox 633 2199 712 2292; x_wconf 90' lang='lat' dir='ltr'><strong>ipsa</strong></span> <span class='ocrx_word' id='word_1_235' title='bbox 736 2197 850 2267; x_wconf 90' lang='lat' dir='ltr'><strong>initio</strong></span> <span class='ocrx_word' id='word_1_236' title='bbox 865 2198 1022 2267; x_wconf 88' lang='lat' dir='ltr'><strong>lormam</strong></span> <span class='ocrx_word' id='word_1_237' title='bbox 1045 2205 1081 2266; x_wconf 90' lang='lat' dir='ltr'><strong>et</strong></span> <span class='ocrx_word' id='word_1_238' title='bbox 1131 2196 1305 2268; x_wconf 81' lang='lat' dir='ltr'><strong>lassorum</strong></span> <span class='ocrx_word' id='word_1_239' title='bbox 1320 2196 1499 2268; x_wconf 86' lang='grc'>33133133.</span> <span class='ocrx_word' id='word_1_240' title='bbox 1512 2177 1711 2267; x_wconf 86' lang='lat' dir='ltr'><strong>Praeterea</strong></span> <span class='ocrx_word' id='word_1_241' title='bbox 1725 2197 1832 2269; x_wconf 76' lang='lat' dir='ltr'><strong>multi</strong></span> <span class='ocrx_word' id='word_1_242' title='bbox 1844 2209 2011 2292; x_wconf 86' lang='lat' dir='ltr'><strong>quaestus</strong></span> <span class='ocrx_word' id='word_1_243' title='bbox 2023 2217 2131 2266; x_wconf 85' lang='lat' dir='ltr'><strong>causa</strong></span> 
     </span>
     <span class='ocr_line' id='line_1_20' title="bbox 3 2285 2130 2399; baseline -0.001 -30"><span class='ocrx_word' id='word_1_244' title='bbox 3 2307 4 2394; x_wconf 25' lang='lat'><em>3</em></span> <span class='ocrx_word' id='word_1_245' title='bbox 77 2300 324 2370; x_wconf 84' lang='lat' dir='ltr'><strong>incrementa</strong></span> <span class='ocrx_word' id='word_1_246' title='bbox 328 2321 395 2394; x_wconf 92' lang='lat' dir='ltr'><strong>pro</strong></span> <span class='ocrx_word' id='word_1_247' title='bbox 413 2301 593 2394; x_wconf 89' lang='lat' dir='ltr'><strong>qualitate</strong></span> <span class='ocrx_word' id='word_1_248' title='bbox 615 2301 710 2372; x_wconf 88' lang='lat' dir='ltr'><strong>coeii</strong></span> <span class='ocrx_word' id='word_1_249' title='bbox 726 2285 898 2393; x_wconf 84' lang='lat' dir='ltr'><strong>accipere.</strong></span> <span class='ocrx_word' id='word_1_250' title='bbox 950 2297 1079 2399; x_wconf 89' lang='lat' dir='ltr'><strong>Quare</strong></span> <span class='ocrx_word' id='word_1_251' title='bbox 1132 2299 1220 2371; x_wconf 87' lang='lat' dir='ltr'><strong>airas</strong></span> <span class='ocrx_word' id='word_1_252' title='bbox 1235 2299 1478 2371; x_wconf 74' lang='lat' dir='ltr'><strong>divinationes</strong></span> <span class='ocrx_word' id='word_1_253' title='bbox 1494 2300 1699 2394; x_wconf 85' lang='lat' dir='ltr'><strong>venditant,</strong></span> <span class='ocrx_word' id='word_1_254' title='bbox 1733 2301 1882 2370; x_wconf 86' lang='lat' dir='ltr'><strong>nomine</strong></span> <span class='ocrx_word' id='word_1_255' title='bbox 1901 2313 1936 2372; x_wconf 88' lang='grc'><strong>31</strong></span> <span class='ocrx_word' id='word_1_256' title='bbox 1955 2298 2130 2392; x_wconf 87' lang='lat' dir='ltr'><strong>dignitate</strong></span> 
     </span>
     <span class='ocr_line' id='line_1_21' title="bbox 3 2400 2133 2522; baseline -0 -50"><span class='ocrx_word' id='word_1_257' title='bbox 3 2479 5 2508; x_wconf 78' lang='lat'>‚</span> <span class='ocrx_word' id='word_1_258' title='bbox 80 2403 257 2494; x_wconf 81' lang='lat' dir='ltr'><strong>agricolae</strong></span> <span class='ocrx_word' id='word_1_259' title='bbox 300 2414 336 2474; x_wconf 88' lang='lat' dir='ltr'><strong>et</strong></span> <span class='ocrx_word' id='word_1_260' title='bbox 375 2415 538 2495; x_wconf 90' lang='lat' dir='ltr'><strong>pastores</strong></span> <span class='ocrx_word' id='word_1_261' title='bbox 576 2422 663 2498; x_wconf 89' lang='lat' dir='ltr'><strong>prae</strong></span> <span class='ocrx_word' id='word_1_262' title='bbox 697 2404 846 2486; x_wconf 83' lang='lat' dir='ltr'><strong>cacteris</strong></span> <span class='ocrx_word' id='word_1_263' title='bbox 880 2401 1081 2498; x_wconf 87' lang='lat' dir='ltr'><strong>diligentes,</strong></span> <span class='ocrx_word' id='word_1_264' title='bbox 1131 2400 1237 2474; x_wconf 91' lang='lat' dir='ltr'><strong>buius</strong></span> <span class='ocrx_word' id='word_1_265' title='bbox 1254 2402 1353 2488; x_wconf 89' lang='lat' dir='ltr'><strong>artis,</strong></span> <span class='ocrx_word' id='word_1_266' title='bbox 1381 2427 1421 2473; x_wconf 92' lang='grc'><strong>33</strong></span> <span class='ocrx_word' id='word_1_267' title='bbox 1435 2402 1573 2494; x_wconf 76' lang='lat' dir='ltr'><strong>vulgo</strong></span> <span class='ocrx_word' id='word_1_268' title='bbox 1562 2415 1767 2496; x_wconf 81' lang='lat' dir='ltr'><strong>imponunt,</strong></span> <span class='ocrx_word' id='word_1_269' title='bbox 1794 2405 1905 2474; x_wconf 84' lang='lat' dir='ltr'><strong>multa</strong></span> <span class='ocrx_word' id='word_1_270' title='bbox 1922 2403 2133 2522; x_wconf 80' lang='lat' dir='ltr'><strong>praedicen-</strong></span> 
     </span>
     <span class='ocr_line' id='line_1_22' title="bbox 3 2503 2093 2606; baseline -0 -30"><span class='ocrx_word' id='word_1_271' title='bbox 3 2522 10 2606; x_wconf 26' lang='lat' dir='ltr'><strong>q&#39;</strong></span> <span class='ocrx_word' id='word_1_272' title='bbox 81 2531 160 2576; x_wconf 90' lang='lat' dir='ltr'><strong>cnm</strong></span> <span class='ocrx_word' id='word_1_273' title='bbox 175 2507 392 2600; x_wconf 89' lang='lat' dir='ltr'><strong>pecudesad</strong></span> <span class='ocrx_word' id='word_1_274' title='bbox 410 2506 544 2576; x_wconf 90' lang='lat' dir='ltr'><strong>coitum</strong></span> <span class='ocrx_word' id='word_1_275' title='bbox 562 2503 777 2600; x_wconf 80' lang='lat' dir='ltr'><strong>admittunt,</strong></span> <span class='ocrx_word' id='word_1_276' title='bbox 800 2515 864 2576; x_wconf 90' lang='lat' dir='ltr'><strong>aut</strong></span> <span class='ocrx_word' id='word_1_277' title='bbox 884 2512 1081 2575; x_wconf 88' lang='lat' dir='ltr'><strong>conserunt</strong></span> <span class='ocrx_word' id='word_1_278' title='bbox 1132 2519 1204 2592; x_wconf 89' lang='grc'>133,</span> <span class='ocrx_word' id='word_1_279' title='bbox 1231 2529 1323 2600; x_wconf 90' lang='lat' dir='ltr'><strong>quae</strong></span> <span class='ocrx_word' id='word_1_280' title='bbox 1344 2529 1418 2575; x_wconf 91' lang='lat' dir='ltr'><strong>non</strong></span> <span class='ocrx_word' id='word_1_281' title='bbox 1435 2505 1922 2596; x_wconf 77' lang='lat' dir='ltr'><strong>significanturnaturairbss</strong></span> <span class='ocrx_word' id='word_1_282' title='bbox 1937 2525 2093 2584; x_wconf 78' lang='grc'>333313,</span> 
     </span>
     <span class='ocr_line' id='line_1_23' title="bbox 3 2600 2132 2702; baseline -0.002 -23"><span class='ocrx_word' id='word_1_283' title='bbox 3 2637 4 2646; x_wconf 82' lang='grc'>·</span> <span class='ocrx_word' id='word_1_284' title='bbox 81 2631 205 2700; x_wconf 88' lang='lat' dir='ltr'><strong>agros,</strong></span> <span class='ocrx_word' id='word_1_285' title='bbox 232 2633 277 2679; x_wconf 83' lang='lat' dir='ltr'><strong>ex</strong></span> <span class='ocrx_word' id='word_1_286' title='bbox 297 2608 567 2702; x_wconf 85' lang='lat' dir='ltr'><strong>tempestatibus</strong></span> <span class='ocrx_word' id='word_1_287' title='bbox 588 2609 812 2680; x_wconf 89' lang='lat' dir='ltr'><strong>coniecturas</strong></span> <span class='ocrx_word' id='word_1_288' title='bbox 833 2611 878 2678; x_wconf 89' lang='lat' dir='ltr'><strong>de</strong></span> <span class='ocrx_word' id='word_1_289' title='bbox 894 2607 1080 2678; x_wconf 85' lang='lat' dir='ltr'><strong>eventibus</strong></span> <span class='ocrx_word' id='word_1_290' title='bbox 1234 2607 1376 2679; x_wconf 90' lang='lat' dir='ltr'><strong>Horum</strong></span> <span class='ocrx_word' id='word_1_291' title='bbox 1392 2609 1551 2678; x_wconf 87' lang='lat' dir='ltr'><strong>vanitate</strong></span> <span class='ocrx_word' id='word_1_292' title='bbox 1572 2603 1817 2701; x_wconf 89' lang='lat' dir='ltr'><strong>deprehensa,</strong></span> <span class='ocrx_word' id='word_1_293' title='bbox 1842 2600 2043 2700; x_wconf 81' lang='lat' dir='ltr'><strong>sagaciores</strong></span> <span class='ocrx_word' id='word_1_294' title='bbox 2067 2605 2132 2676; x_wconf 88' lang='lat' dir='ltr'><strong>ali-</strong></span> 
     </span>
     <span class='ocr_line' id='line_1_24' title="bbox 82 2699 2132 2808; baseline -0 -28"><span class='ocrx_word' id='word_1_295' title='bbox 82 2699 1080 2808; x_wconf 63' lang='grc'><strong>1331331.11331333333313313113313331313311331</strong></span> <span class='ocrx_word' id='word_1_296' title='bbox 1133 2709 1196 2806; x_wconf 91' lang='lat' dir='ltr'><strong>qui</strong></span> <span class='ocrx_word' id='word_1_297' title='bbox 1231 2711 1338 2781; x_wconf 86' lang='lat' dir='ltr'><strong>etiam</strong></span> <span class='ocrx_word' id='word_1_298' title='bbox 1376 2721 1533 2803; x_wconf 77' lang='lat' dir='ltr'><strong>caeteras</strong></span> <span class='ocrx_word' id='word_1_299' title='bbox 1567 2711 1851 2806; x_wconf 85' lang='lat' dir='ltr'><strong>praedictiones,</strong></span> <span class='ocrx_word' id='word_1_300' title='bbox 1886 2734 1979 2806; x_wconf 87' lang='lat' dir='ltr'><strong>qnae</strong></span> <span class='ocrx_word' id='word_1_301' title='bbox 2013 2735 2033 2779; x_wconf 92' lang='lat' dir='ltr'><strong>a</strong></span> <span class='ocrx_word' id='word_1_302' title='bbox 2067 2731 2132 2792; x_wconf 73' lang='lat' dir='ltr'><strong>nat·</strong></span> 
     </span>
     <span class='ocr_line' id='line_1_25' title="bbox 81 2811 2132 2920; baseline 0 -36"><span class='ocrx_word' id='word_1_303' title='bbox 81 2813 197 2886; x_wconf 90' lang='lat' dir='ltr'><strong>tiones</strong></span> <span class='ocrx_word' id='word_1_304' title='bbox 229 2813 460 2886; x_wconf 79' lang='lat' dir='ltr'><strong>illustriores</strong></span> <span class='ocrx_word' id='word_1_305' title='bbox 468 2815 568 2908; x_wconf 81' lang='lat' dir='ltr'><strong>Solis</strong></span> <span class='ocrx_word' id='word_1_306' title='bbox 605 2829 640 2886; x_wconf 92' lang='lat' dir='ltr'><strong>et</strong></span> <span class='ocrx_word' id='word_1_307' title='bbox 669 2814 794 2887; x_wconf 85' lang='lat' dir='ltr'><strong>Lunae</strong></span> <span class='ocrx_word' id='word_1_308' title='bbox 829 2827 866 2886; x_wconf 89' lang='lat' dir='ltr'><strong>et</strong></span> <span class='ocrx_word' id='word_1_309' title='bbox 886 2815 1078 2920; x_wconf 72' lang='lat' dir='ltr'><strong>stellarum</strong></span> <span class='ocrx_word' id='word_1_310' title='bbox 1132 2813 1307 2886; x_wconf 87' lang='lat' dir='ltr'><strong>iuralibus</strong></span> <span class='ocrx_word' id='word_1_311' title='bbox 1337 2813 1452 2906; x_wconf 80' lang='lat' dir='ltr'><strong>causis</strong></span> <span class='ocrx_word' id='word_1_312' title='bbox 1482 2825 1693 2899; x_wconf 86' lang='lat' dir='ltr'><strong>sumuntur,</strong></span> <span class='ocrx_word' id='word_1_313' title='bbox 1731 2827 1915 2908; x_wconf 77' lang='lat' dir='ltr'><strong>suspectas</strong></span> <span class='ocrx_word' id='word_1_314' title='bbox 1933 2811 2071 2885; x_wconf 84' lang='lat' dir='ltr'><strong>habeut</strong></span> <span class='ocrx_word' id='word_1_315' title='bbox 2094 2825 2132 2892; x_wconf 81' lang='lat' dir='ltr'><strong>et</strong></span> 
     </span>
     <span class='ocr_line' id='line_1_26' title="bbox 80 2898 2133 3014; baseline -0.002 -27"><span class='ocrx_word' id='word_1_316' title='bbox 80 2919 171 2988; x_wconf 90' lang='lat' dir='ltr'><strong>adeo</strong></span> <span class='ocrx_word' id='word_1_317' title='bbox 200 2929 319 2988; x_wconf 88' lang='lat' dir='ltr'><strong>certae</strong></span> <span class='ocrx_word' id='word_1_318' title='bbox 349 2931 451 3003; x_wconf 87' lang='lat' dir='ltr'><strong>sunt,</strong></span> <span class='ocrx_word' id='word_1_319' title='bbox 491 2927 534 2988; x_wconf 85' lang='lat' dir='ltr'><strong>ut</strong></span> <span class='ocrx_word' id='word_1_320' title='bbox 557 2903 674 2988; x_wconf 85' lang='lat' dir='ltr'><strong>etiam</strong></span> <span class='ocrx_word' id='word_1_321' title='bbox 669 2919 771 2988; x_wconf 86' lang='grc'>31)·</span> <span class='ocrx_word' id='word_1_322' title='bbox 753 2917 902 3010; x_wconf 79' lang='lat' dir='ltr'><strong>&#39;ignaris</strong></span> <span class='ocrx_word' id='word_1_323' title='bbox 896 2898 1080 3014; x_wconf 85' lang='lat' dir='ltr'><strong>physices</strong></span> <span class='ocrx_word' id='word_1_324' title='bbox 1132 2917 1328 2990; x_wconf 88' lang='lat' dir='ltr'><strong>damnant.</strong></span> <span class='ocrx_word' id='word_1_325' title='bbox 1370 2914 1409 2986; x_wconf 89' lang='lat' dir='ltr'><strong>ld</strong></span> <span class='ocrx_word' id='word_1_326' title='bbox 1427 2924 1547 2987; x_wconf 82' lang='lat' dir='ltr'><strong>autem</strong></span> <span class='ocrx_word' id='word_1_327' title='bbox 1565 2917 1741 3011; x_wconf 82' lang='lat' dir='ltr'><strong>iniustum</strong></span> <span class='ocrx_word' id='word_1_328' title='bbox 1756 2930 1818 2989; x_wconf 85' lang='lat' dir='ltr'><strong>est.</strong></span> <span class='ocrx_word' id='word_1_329' title='bbox 1863 2917 1956 2990; x_wconf 89' lang='lat' dir='ltr'><strong>Nam</strong></span> <span class='ocrx_word' id='word_1_330' title='bbox 1973 2912 2133 3008; x_wconf 75' lang='grc' dir='ltr'>33331ιὶ-</span> 
     </span>
     <span class='ocr_line' id='line_1_27' title="bbox 80 3008 2190 3116; baseline -0.001 -24"><span class='ocrx_word' id='word_1_331' title='bbox 80 3023 156 3092; x_wconf 86' lang='lat' dir='ltr'><strong>sola</strong></span> <span class='ocrx_word' id='word_1_332' title='bbox 188 3020 440 3091; x_wconf 85' lang='lat' dir='ltr'><strong>observatione</strong></span> <span class='ocrx_word' id='word_1_333' title='bbox 470 3008 808 3116; x_wconf 85' lang='lat' dir='ltr'><strong>deprehendantur.</strong></span> <span class='ocrx_word' id='word_1_334' title='bbox 872 3021 962 3092; x_wconf 81' lang='lat' dir='ltr'><strong>Et·</strong></span> <span class='ocrx_word' id='word_1_335' title='bbox 945 3042 990 3092; x_wconf 92' lang='grc' dir='ltr'><strong>ιιι</strong></span> <span class='ocrx_word' id='word_1_336' title='bbox 1023 3017 1081 3090; x_wconf 90' lang='lat' dir='ltr'><strong>his</strong></span> <span class='ocrx_word' id='word_1_337' title='bbox 1131 3016 1295 3114; x_wconf 89' lang='lat' dir='ltr'><strong>losophia</strong></span> <span class='ocrx_word' id='word_1_338' title='bbox 1314 3021 1395 3090; x_wconf 87' lang='lat' dir='ltr'><strong>ideo</strong></span> <span class='ocrx_word' id='word_1_339' title='bbox 1413 3020 1572 3089; x_wconf 87' lang='lat' dir='ltr'><strong>tollenda</strong></span> <span class='ocrx_word' id='word_1_340' title='bbox 1587 3021 1821 3105; x_wconf 78' lang='lat' dir='ltr'><strong>estemedso</strong></span> <span class='ocrx_word' id='word_1_341' title='bbox 1848 3024 1947 3116; x_wconf 91' lang='lat' dir='ltr'><strong>quod</strong></span> <span class='ocrx_word' id='word_1_342' title='bbox 1965 3017 2133 3091; x_wconf 85' lang='lat' dir='ltr'><strong>nonnulii</strong></span> <span class='ocrx_word' id='word_1_343' title='bbox 2186 3052 2190 3061; x_wconf 82' lang='lat'><em>·</em></span> 
     </span>
     <span class='ocr_line' id='line_1_28' title="bbox 81 3116 2132 3222; baseline -0 -29"><span class='ocrx_word' id='word_1_344' title='bbox 81 3124 259 3218; x_wconf 82' lang='lat' dir='ltr'><strong>quosdam</strong></span> <span class='ocrx_word' id='word_1_345' title='bbox 283 3116 447 3207; x_wconf 53' lang='lat' dir='ltr'><strong>effectus}</strong></span> <span class='ocrx_word' id='word_1_346' title='bbox 489 3135 589 3194; x_wconf 89' lang='lat' dir='ltr'><strong>ortos</strong></span> <span class='ocrx_word' id='word_1_347' title='bbox 613 3147 633 3194; x_wconf 88' lang='lat' dir='ltr'><strong>a</strong></span> <span class='ocrx_word' id='word_1_348' title='bbox 655 3126 861 3222; x_wconf 88' lang='lat' dir='ltr'><strong>potentiore</strong></span> <span class='ocrx_word' id='word_1_349' title='bbox 884 3145 1011 3208; x_wconf 85' lang='lat' dir='ltr'><strong>causa,</strong></span> <span class='ocrx_word' id='word_1_350' title='bbox 1044 3133 1082 3194; x_wconf 86' lang='grc'><strong>31</strong></span> <span class='ocrx_word' id='word_1_351' title='bbox 1133 3124 1290 3195; x_wconf 89' lang='lat' dir='ltr'><strong>studium</strong></span> <span class='ocrx_word' id='word_1_352' title='bbox 1307 3123 1382 3210; x_wconf 82' lang='lat' dir='ltr'><strong>eius</strong></span> <span class='ocrx_word' id='word_1_353' title='bbox 1407 3121 1635 3208; x_wconf 87' lang='lat' dir='ltr'><strong>simulantes,</strong></span> <span class='ocrx_word' id='word_1_354' title='bbox 1669 3125 1773 3214; x_wconf 88' lang='lat' dir='ltr'><strong>pravi</strong></span> <span class='ocrx_word' id='word_1_355' title='bbox 1797 3136 1881 3194; x_wconf 88' lang='lat' dir='ltr'><strong>sunt</strong></span> <span class='ocrx_word' id='word_1_356' title='bbox 1906 3135 1941 3193; x_wconf 88' lang='lat' dir='ltr'><strong>et</strong></span> <span class='ocrx_word' id='word_1_357' title='bbox 1950 3124 2132 3214; x_wconf 78' lang='lat' dir='ltr'><strong>impasto</strong></span> 
     </span>
     <span class='ocr_line' id='line_1_29' title="bbox 80 3211 2132 3318; baseline -0.002 -21"><span class='ocrx_word' id='word_1_358' title='bbox 80 3225 301 3318; x_wconf 80' lang='lat' dir='ltr'><strong>simpliciore</strong></span> <span class='ocrx_word' id='word_1_359' title='bbox 325 3235 478 3297; x_wconf 83' lang='lat' dir='ltr'><strong>naturae</strong></span> <span class='ocrx_word' id='word_1_360' title='bbox 500 3228 649 3311; x_wconf 87' lang='lat' dir='ltr'><strong>ordine,</strong></span> <span class='ocrx_word' id='word_1_361' title='bbox 683 3229 791 3297; x_wconf 88' lang='lat' dir='ltr'><strong>etiam</strong></span> <span class='ocrx_word' id='word_1_362' title='bbox 814 3211 969 3313; x_wconf 86' lang='lat' dir='ltr'><strong>indocti,</strong></span> <span class='ocrx_word' id='word_1_363' title='bbox 1005 3228 1080 3294; x_wconf 91' lang='lat' dir='ltr'><strong>imo</strong></span> <span class='ocrx_word' id='word_1_364' title='bbox 1132 3251 1200 3298; x_wconf 91' lang='lat' dir='ltr'><strong>res.</strong></span> <span class='ocrx_word' id='word_1_365' title='bbox 1231 3226 1442 3296; x_wconf 83' lang='lat' dir='ltr'><strong>Caeterum</strong></span> <span class='ocrx_word' id='word_1_366' title='bbox 1460 3226 1688 3318; x_wconf 76' lang='lat' dir='ltr'><strong>manifestum</strong></span> <span class='ocrx_word' id='word_1_367' title='bbox 1706 3237 1777 3310; x_wconf 87' lang='grc'>331,</span> <span class='ocrx_word' id='word_1_368' title='bbox 1813 3226 1921 3296; x_wconf 86' lang='lat' dir='ltr'><strong>etiam</strong></span> <span class='ocrx_word' id='word_1_369' title='bbox 1939 3237 2132 3294; x_wconf 86' lang='lat' dir='ltr'><strong>recteeru·</strong></span> 
     </span>
     <span class='ocr_line' id='line_1_30' title="bbox 81 3313 2133 3424; baseline -0.001 -25"><span class='ocrx_word' id='word_1_370' title='bbox 81 3331 238 3424; x_wconf 73' lang='grc'>31113313</span> <span class='ocrx_word' id='word_1_371' title='bbox 253 3332 429 3423; x_wconf 78' lang='lat' dir='ltr'><strong>quaedam</strong></span> <span class='ocrx_word' id='word_1_372' title='bbox 447 3331 646 3400; x_wconf 88' lang='lat' dir='ltr'><strong>animantia</strong></span> <span class='ocrx_word' id='word_1_373' title='bbox 663 3313 928 3422; x_wconf 81' lang='lat' dir='ltr'><strong>praesentiunt:</strong></span> <span class='ocrx_word' id='word_1_374' title='bbox 953 3343 995 3402; x_wconf 92' lang='grc'><strong>31</strong></span> <span class='ocrx_word' id='word_1_375' title='bbox 1011 3342 1081 3400; x_wconf 86' lang='lat' dir='ltr'><strong>sta</strong></span> <span class='ocrx_word' id='word_1_376' title='bbox 1132 3329 1279 3400; x_wconf 85' lang='grc'>(1(13313</span> <span class='ocrx_word' id='word_1_377' title='bbox 1295 3328 1511 3421; x_wconf 80' lang='lat' dir='ltr'><strong>disciplima,</strong></span> <span class='ocrx_word' id='word_1_378' title='bbox 1538 3327 1600 3424; x_wconf 82' lang='lat' dir='ltr'><strong>qui</strong></span> <span class='ocrx_word' id='word_1_379' title='bbox 1616 3326 1754 3423; x_wconf 83' lang='lat' dir='ltr'><strong>magb&#39;a</strong></span> <span class='ocrx_word' id='word_1_380' title='bbox 1780 3353 1861 3399; x_wconf 90' lang='lat' dir='ltr'><strong>cum</strong></span> <span class='ocrx_word' id='word_1_381' title='bbox 1887 3325 2072 3420; x_wconf 88' lang='lat' dir='ltr'><strong>diligentia</strong></span> <span class='ocrx_word' id='word_1_382' title='bbox 2097 3337 2133 3396; x_wconf 89' lang='lat' dir='ltr'><strong>et</strong></span> 
     </span>
     <span class='ocr_line' id='line_1_31' title="bbox 81 3423 2132 3532; baseline -0.001 -31"><span class='ocrx_word' id='word_1_383' title='bbox 81 3423 1081 3532; x_wconf 70' lang='grc'>1333333333(3311333331313331331131331333</span> <span class='ocrx_word' id='word_1_384' title='bbox 1133 3432 1373 3506; x_wconf 81' lang='lat' dir='ltr'><strong>dexteritate’</strong></span> <span class='ocrx_word' id='word_1_385' title='bbox 1360 3455 1399 3502; x_wconf 92' lang='grc' dir='ltr'><strong>ιιι</strong></span> <span class='ocrx_word' id='word_1_386' title='bbox 1415 3425 1484 3501; x_wconf 89' lang='lat' dir='ltr'><strong>hac</strong></span> <span class='ocrx_word' id='word_1_387' title='bbox 1501 3441 1578 3502; x_wconf 85' lang='lat' dir='ltr'><strong>arte</strong></span> <span class='ocrx_word' id='word_1_388' title='bbox 1596 3443 1797 3516; x_wconf 84' lang='lat' dir='ltr'><strong>versantur,</strong></span> <span class='ocrx_word' id='word_1_389' title='bbox 1821 3453 1928 3525; x_wconf 90' lang='lat' dir='ltr'><strong>saepe</strong></span> <span class='ocrx_word' id='word_1_390' title='bbox 1942 3431 2030 3516; x_wconf 87' lang='grc'>1311(</span> <span class='ocrx_word' id='word_1_391' title='bbox 2049 3443 2132 3498; x_wconf 77' lang='lat' dir='ltr'><strong>nun</strong></span> 
     </span>
     <span class='ocr_line' id='line_1_32' title="bbox 84 3534 2133 3648; baseline -0.002 -42"><span class='ocrx_word' id='word_1_392' title='bbox 84 3535 180 3606; x_wconf 87' lang='lat' dir='ltr'><strong>euim</strong></span> <span class='ocrx_word' id='word_1_393' title='bbox 198 3534 265 3606; x_wconf 88' lang='lat' dir='ltr'><strong>Sol</strong></span> <span class='ocrx_word' id='word_1_394' title='bbox 277 3559 469 3628; x_wconf 78' lang='lat' dir='ltr'><strong>praecipue</strong></span> <span class='ocrx_word' id='word_1_395' title='bbox 484 3537 672 3632; x_wconf 89' lang='lat' dir='ltr'><strong>gubernat.</strong></span> <span class='ocrx_word' id='word_1_396' title='bbox 760 3574 764 3584; x_wconf 44' lang='grc' dir='ltr'><strong>ν</strong></span> <span class='ocrx_word' id='word_1_397' title='bbox 929 3547 933 3562; x_wconf 90' lang='grc'><em>“</em></span> <span class='ocrx_word' id='word_1_398' title='bbox 1132 3549 1282 3648; x_wconf 87' lang='lat' dir='ltr'><strong>propter</strong></span> <span class='ocrx_word' id='word_1_399' title='bbox 1298 3559 1357 3606; x_wconf 91' lang='lat' dir='ltr'><strong>eas</strong></span> <span class='ocrx_word' id='word_1_400' title='bbox 1374 3556 1516 3619; x_wconf 86' lang='lat' dir='ltr'><strong>causas,</strong></span> <span class='ocrx_word' id='word_1_401' title='bbox 1527 3554 1633 3629; x_wconf 87' lang='lat' dir='ltr'><strong>quas</strong></span> <span class='ocrx_word' id='word_1_402' title='bbox 1652 3535 1725 3604; x_wconf 91' lang='lat' dir='ltr'><strong>iam</strong></span> <span class='ocrx_word' id='word_1_403' title='bbox 1746 3537 1930 3621; x_wconf 89' lang='lat' dir='ltr'><strong>recensui,</strong></span> <span class='ocrx_word' id='word_1_404' title='bbox 1966 3536 2026 3606; x_wconf 91' lang='lat' dir='ltr'><strong>sed</strong></span> <span class='ocrx_word' id='word_1_405' title='bbox 2049 3555 2133 3625; x_wconf 86' lang='lat' dir='ltr'><strong>pro·</strong></span> 
     </span>
     <span class='ocr_line' id='line_1_33' title="bbox 183 3627 2133 3794; baseline -0.002 -86"><span class='ocrx_word' id='word_1_406' title='bbox 183 3636 254 3708; x_wconf 78' lang='lat' dir='ltr'><strong>sea</strong></span> <span class='ocrx_word' id='word_1_407' title='bbox 284 3639 430 3721; x_wconf 83' lang='lat' dir='ltr'><strong>effect-&#39;ns</strong></span> <span class='ocrx_word' id='word_1_408' title='bbox 453 3653 553 3712; x_wconf 86' lang='lat' dir='ltr'><strong>ortos</strong></span> <span class='ocrx_word' id='word_1_409' title='bbox 574 3661 594 3708; x_wconf 90' lang='lat' dir='ltr'><strong>a</strong></span> <span class='ocrx_word' id='word_1_410' title='bbox 619 3639 855 3710; x_wconf 77' lang='lat' dir='ltr'><strong>debilioribus</strong></span> <span class='ocrx_word' id='word_1_411' title='bbox 875 3637 1006 3714; x_wconf 83' lang='lat' dir='ltr'><strong>causis</strong></span> <span class='ocrx_word' id='word_1_412' title='bbox 1015 3663 1081 3709; x_wconf 92' lang='lat' dir='ltr'><strong>no·</strong></span> <span class='ocrx_word' id='word_1_413' title='bbox 1132 3627 1213 3733; x_wconf 84' lang='lat' dir='ltr'><strong>pier</strong></span> <span class='ocrx_word' id='word_1_414' title='bbox 1226 3639 1278 3708; x_wconf 87' lang='grc'><strong>331</strong></span> <span class='ocrx_word' id='word_1_415' title='bbox 1292 3627 1970 3710; x_wconf 69' lang='grc'>3313333331133331111133331333331</span> <span class='ocrx_word' id='word_1_416' title='bbox 1985 3631 2133 3794; x_wconf 80' lang='lat' dir='ltr'><strong>ingenii,</strong></span> 
     </span>
     <span class='ocr_line' id='line_1_34' title="bbox 79 3727 2018 3854; baseline 0.002 -44"><span class='ocrx_word' id='word_1_417' title='bbox 79 3751 166 3810; x_wconf 90' lang='lat' dir='ltr'><strong>runt</strong></span> <span class='ocrx_word' id='word_1_418' title='bbox 179 3736 240 3823; x_wconf 90' lang='lat' dir='ltr'><strong>bi,</strong></span> <span class='ocrx_word' id='word_1_419' title='bbox 267 3763 359 3835; x_wconf 91' lang='lat' dir='ltr'><strong>quos</strong></span> <span class='ocrx_word' id='word_1_420' title='bbox 372 3743 562 3814; x_wconf 87' lang='lat' dir='ltr'><strong>necessitas</strong></span> <span class='ocrx_word' id='word_1_421' title='bbox 579 3744 625 3812; x_wconf 91' lang='lat' dir='ltr'><strong>ad</strong></span> <span class='ocrx_word' id='word_1_422' title='bbox 642 3727 930 3813; x_wconf 80' lang='lat' dir='ltr'><strong>observationem</strong></span> <span class='ocrx_word' id='word_1_423' title='bbox 945 3743 1080 3835; x_wconf 89' lang='lat' dir='ltr'><strong>adegit.</strong></span> <span class='ocrx_word' id='word_1_424' title='bbox 1133 3745 1231 3854; x_wconf 83' lang='lat' dir='ltr'><strong>qnod</strong></span> <span class='ocrx_word' id='word_1_425' title='bbox 1246 3741 1534 3835; x_wconf 87' lang='lat' dir='ltr'><strong>magnitudinem</strong></span> <span class='ocrx_word' id='word_1_426' title='bbox 1552 3741 1639 3814; x_wconf 90' lang='lat' dir='ltr'><strong>artis</strong></span> <span class='ocrx_word' id='word_1_427' title='bbox 1648 3756 1729 3811; x_wconf 84' lang='lat' dir='ltr'><strong>uon</strong></span> <span class='ocrx_word' id='word_1_428' title='bbox 1746 3742 2018 3840; x_wconf 79' lang='lat' dir='ltr'><strong>assequitur.¹²</strong></span> 
     </span>
     <span class='ocr_line' id='line_1_35' title="bbox 3 3837 2132 3938; baseline -0.001 -24"><span class='ocrx_word' id='word_1_429' title='bbox 3 3843 4 3846; x_wconf 66' lang='grc'>’</span> <span class='ocrx_word' id='word_1_430' title='bbox 79 3855 271 3914; x_wconf 83' lang='grc'>31333133</span> <span class='ocrx_word' id='word_1_431' title='bbox 296 3845 630 3916; x_wconf 82' lang='lat' dir='ltr'><strong>animadverterunt</strong></span> <span class='ocrx_word' id='word_1_432' title='bbox 649 3845 883 3938; x_wconf 80' lang='lat' dir='ltr'><strong>particulares</strong></span> <span class='ocrx_word' id='word_1_433' title='bbox 905 3846 1081 3938; x_wconf 83' lang='lat' dir='ltr'><strong>significa·</strong></span> <span class='ocrx_word' id='word_1_434' title='bbox 1216 3837 1451 3916; x_wconf 89' lang='lat' dir='ltr'><strong>Primum</strong></span> <span class='ocrx_word' id='word_1_435' title='bbox 1416 3844 1520 3914; x_wconf 83' lang='grc'>3313(</span> <span class='ocrx_word' id='word_1_436' title='bbox 1547 3845 1665 3916; x_wconf 85' lang='lat' dir='ltr'><strong>omnis</strong></span> <span class='ocrx_word' id='word_1_437' title='bbox 1685 3842 1850 3914; x_wconf 83' lang='lat' dir='ltr'><strong>doctrina</strong></span> <span class='ocrx_word' id='word_1_438' title='bbox 1884 3847 1944 3919; x_wconf 90' lang='lat' dir='ltr'><strong>de</strong></span> <span class='ocrx_word' id='word_1_439' title='bbox 1959 3841 2132 3915; x_wconf 75' lang='lat' dir='ltr'><strong>materiae</strong></span> 
     </span>
     <span class='ocr_line' id='line_1_36' title="bbox 79 3945 2132 4044; baseline -0.001 -28"><span class='ocrx_word' id='word_1_440' title='bbox 79 3947 197 4016; x_wconf 87' lang='lat' dir='ltr'><strong>tiones</strong></span> <span class='ocrx_word' id='word_1_441' title='bbox 208 3945 419 4037; x_wconf 76' lang='lat' dir='ltr'><strong>pluviarum</strong></span> <span class='ocrx_word' id='word_1_442' title='bbox 435 3959 470 4018; x_wconf 92' lang='grc'><strong>31</strong></span> <span class='ocrx_word' id='word_1_443' title='bbox 482 3961 695 4032; x_wconf 78' lang='lat' dir='ltr'><strong>ventorum</strong></span> <span class='ocrx_word' id='word_1_444' title='bbox 726 3969 821 4042; x_wconf 87' lang='lat' dir='ltr'><strong>quae</strong></span> <span class='ocrx_word' id='word_1_445' title='bbox 844 3949 948 4020; x_wconf 85' lang='lat' dir='ltr'><strong>certis</strong></span> <span class='ocrx_word' id='word_1_446' title='bbox 971 3951 1081 4019; x_wconf 90' lang='lat' dir='ltr'><strong>inter&#39;-</strong></span> <span class='ocrx_word' id='word_1_447' title='bbox 1134 3948 1328 4044; x_wconf 84' lang='lat' dir='ltr'><strong>qualitate,</strong></span> <span class='ocrx_word' id='word_1_448' title='bbox 1354 3969 1403 4018; x_wconf 89' lang='lat' dir='ltr'><strong>ac</strong></span> <span class='ocrx_word' id='word_1_449' title='bbox 1412 3947 1621 4039; x_wconf 79' lang='lat' dir='ltr'><strong>praesertim</strong></span> <span class='ocrx_word' id='word_1_450' title='bbox 1640 3970 1682 4018; x_wconf 88' lang='lat' dir='ltr'><strong>ex</strong></span> <span class='ocrx_word' id='word_1_451' title='bbox 1698 3945 1820 4018; x_wconf 81' lang='grc'>(33133</span> <span class='ocrx_word' id='word_1_452' title='bbox 1834 3947 2056 4041; x_wconf 79' lang='lat' dir='ltr'><strong>diversisque</strong></span> <span class='ocrx_word' id='word_1_453' title='bbox 2076 3965 2132 4014; x_wconf 79' lang='lat' dir='ltr'><strong>ro·</strong></span> 
     </span>
     <span class='ocr_line' id='line_1_37' title="bbox 81 4049 2131 4150; baseline -0.001 -32"><span class='ocrx_word' id='word_1_454' title='bbox 81 4051 183 4120; x_wconf 81' lang='lat' dir='ltr'><strong>vallis</strong></span> <span class='ocrx_word' id='word_1_455' title='bbox 200 4052 374 4134; x_wconf 88' lang='lat' dir='ltr'><strong>redeunt,</strong></span> <span class='ocrx_word' id='word_1_456' title='bbox 400 4063 550 4150; x_wconf 90' lang='lat' dir='ltr'><strong>propter</strong></span> <span class='ocrx_word' id='word_1_457' title='bbox 563 4049 688 4122; x_wconf 91' lang='lat' dir='ltr'><strong>Lunae</strong></span> <span class='ocrx_word' id='word_1_458' title='bbox 703 4064 766 4121; x_wconf 84' lang='lat' dir='ltr'><strong>aut</strong></span> <span class='ocrx_word' id='word_1_459' title='bbox 788 4053 970 4123; x_wconf 84' lang='lat' dir='ltr'><strong>stellarum</strong></span> <span class='ocrx_word' id='word_1_460' title='bbox 996 4055 1080 4122; x_wconf 80' lang='lat' dir='ltr'><strong>iira-</strong></span> <span class='ocrx_word' id='word_1_461' title='bbox 1132 4053 1198 4121; x_wconf 90' lang='lat' dir='ltr'><strong>bus</strong></span> <span class='ocrx_word' id='word_1_462' title='bbox 1234 4063 1441 4132; x_wconf 81' lang='lat' dir='ltr'><strong>concretae,</strong></span> <span class='ocrx_word' id='word_1_463' title='bbox 1489 4051 1702 4121; x_wconf 84' lang='lat' dir='ltr'><strong>coniectoris</strong></span> <span class='ocrx_word' id='word_1_464' title='bbox 1725 4051 1854 4145; x_wconf 82' lang='lat' dir='ltr'><strong>potius</strong></span> <span class='ocrx_word' id='word_1_465' title='bbox 1889 4073 1999 4144; x_wconf 89' lang='lat' dir='ltr'><strong>quam</strong></span> <span class='ocrx_word' id='word_1_466' title='bbox 2032 4059 2131 4118; x_wconf 80' lang='lat' dir='ltr'><strong>certa</strong></span> 
     </span>
     <span class='ocr_line' id='line_1_38' title="bbox 80 4149 2131 4255; baseline -0.001 -33"><span class='ocrx_word' id='word_1_467' title='bbox 80 4177 162 4222; x_wconf 89' lang='lat' dir='ltr'><strong>rum</strong></span> <span class='ocrx_word' id='word_1_468' title='bbox 178 4153 485 4255; x_wconf 74' lang='lat' dir='ltr'><strong>contgurauones</strong></span> <span class='ocrx_word' id='word_1_469' title='bbox 498 4158 542 4224; x_wconf 89' lang='lat' dir='ltr'><strong>ad</strong></span> <span class='ocrx_word' id='word_1_470' title='bbox 558 4155 697 4235; x_wconf 83' lang='lat' dir='ltr'><strong>Solem</strong></span> <span class='ocrx_word' id='word_1_471' title='bbox 731 4155 809 4248; x_wconf 80' lang='lat' dir='ltr'><strong>qai</strong></span> <span class='ocrx_word' id='word_1_472' title='bbox 821 4167 961 4239; x_wconf 87' lang='lat' dir='ltr'><strong>tamen,</strong></span> <span class='ocrx_word' id='word_1_473' title='bbox 994 4155 1080 4248; x_wconf 84' lang='lat' dir='ltr'><strong>quia</strong></span> <span class='ocrx_word' id='word_1_474' title='bbox 1132 4149 1991 4238; x_wconf 79' lang='grc'>331331133333131,11313333333311311133,</span> <span class='ocrx_word' id='word_1_475' title='bbox 2033 4153 2131 4247; x_wconf 84' lang='lat' dir='ltr'><strong>qnod</strong></span> 
     </span>
     <span class='ocr_line' id='line_1_39' title="bbox 80 4240 2132 4356; baseline 0 -32"><span class='ocrx_word' id='word_1_476' title='bbox 80 4269 232 4348; x_wconf 90' lang='lat' dir='ltr'><strong>propter</strong></span> <span class='ocrx_word' id='word_1_477' title='bbox 248 4256 425 4350; x_wconf 79' lang='lat' dir='ltr'><strong>inscitiam</strong></span> <span class='ocrx_word' id='word_1_478' title='bbox 443 4273 509 4328; x_wconf 84' lang='lat' dir='ltr'><strong>nec</strong></span> <span class='ocrx_word' id='word_1_479' title='bbox 531 4271 694 4355; x_wconf 86' lang='lat' dir='ltr'><strong>tempora</strong></span> <span class='ocrx_word' id='word_1_480' title='bbox 716 4259 883 4326; x_wconf 81' lang='grc'>3331333</span> <span class='ocrx_word' id='word_1_481' title='bbox 905 4253 1079 4354; x_wconf 83' lang='lat' dir='ltr'><strong>notabo</strong></span> <span class='ocrx_word' id='word_1_482' title='bbox 1131 4269 1268 4328; x_wconf 81' lang='lat' dir='ltr'><strong>veteres</strong></span> <span class='ocrx_word' id='word_1_483' title='bbox 1283 4240 1473 4328; x_wconf 79' lang='lat' dir='ltr'><strong>stellarum</strong></span> <span class='ocrx_word' id='word_1_484' title='bbox 1483 4254 1804 4356; x_wconf 71' lang='lat' dir='ltr'><strong>configurationes,</strong></span> <span class='ocrx_word' id='word_1_485' title='bbox 1831 4256 2132 4352; x_wconf 83' lang='lat' dir='ltr'><strong>aquibusexem-</strong></span> 
     </span>
     <span class='ocr_line' id='line_1_40' title="bbox 79 4339 2132 4461; baseline -0.001 -33"><span class='ocrx_word' id='word_1_486' title='bbox 79 4353 179 4442; x_wconf 87' lang='lat' dir='ltr'><strong>bent,</strong></span> <span class='ocrx_word' id='word_1_487' title='bbox 203 4381 271 4428; x_wconf 88' lang='lat' dir='ltr'><strong>nec</strong></span> <span class='ocrx_word' id='word_1_488' title='bbox 287 4339 511 4451; x_wconf 85' lang='lat' dir='ltr'><strong>planetarum</strong></span> <span class='ocrx_word' id='word_1_489' title='bbox 529 4361 716 4444; x_wconf 85' lang='lat' dir='ltr'><strong>circuitus,</strong></span> <span class='ocrx_word' id='word_1_490' title='bbox 729 4345 1078 4460; x_wconf 82' lang='lat' dir='ltr'><strong>quimagnamvim</strong></span> <span class='ocrx_word' id='word_1_491' title='bbox 1130 4360 1191 4452; x_wconf 93' lang='lat' dir='ltr'><strong>pla</strong></span> <span class='ocrx_word' id='word_1_492' title='bbox 1208 4360 1425 4432; x_wconf 77' lang='lat' dir='ltr'><strong>iudiciorum</strong></span> <span class='ocrx_word' id='word_1_493' title='bbox 1442 4361 1635 4444; x_wconf 85' lang='lat' dir='ltr'><strong>sumimus,</strong></span> <span class='ocrx_word' id='word_1_494' title='bbox 1660 4373 1855 4461; x_wconf 76' lang='lat' dir='ltr'><strong>nunquam·¹</strong></span> <span class='ocrx_word' id='word_1_495' title='bbox 1870 4359 2021 4433; x_wconf 82' lang='lat' dir='ltr'><strong>omnino</strong></span> <span class='ocrx_word' id='word_1_496' title='bbox 2048 4379 2132 4426; x_wconf 83' lang='lat' dir='ltr'><strong>con-¹</strong></span> 
     </span>
     <span class='ocr_line' id='line_1_41' title="bbox 79 4445 2131 4566; baseline -0.001 -36"><span class='ocrx_word' id='word_1_497' title='bbox 79 4455 236 4545; x_wconf 85' lang='lat' dir='ltr'><strong>babent,</strong></span> <span class='ocrx_word' id='word_1_498' title='bbox 260 4477 417 4547; x_wconf 77' lang='lat' dir='ltr'><strong>norunt,</strong></span> <span class='ocrx_word' id='word_1_499' title='bbox 441 4484 548 4555; x_wconf 88' lang='lat' dir='ltr'><strong>saepe</strong></span> <span class='ocrx_word' id='word_1_500' title='bbox 563 4465 750 4534; x_wconf 84' lang='lat' dir='ltr'><strong>falluntur</strong></span> <span class='ocrx_word' id='word_1_501' title='bbox 956 4477 961 4491; x_wconf 92' lang='lat'>&#39;</span> <span class='ocrx_word' id='word_1_502' title='bbox 1007 4503 1011 4512; x_wconf 91' lang='lat'>·</span> <span class='ocrx_word' id='word_1_503' title='bbox 1131 4475 1289 4554; x_wconf 70' lang='lat' dir='ltr'><strong>gaurum·</strong></span> <span class='ocrx_word' id='word_1_504' title='bbox 1284 4466 1345 4533; x_wconf 84' lang='lat' dir='ltr'><strong>ad</strong></span> <span class='ocrx_word' id='word_1_505' title='bbox 1373 4445 1532 4554; x_wconf 83' lang='lat' dir='ltr'><strong>positum</strong></span> <span class='ocrx_word' id='word_1_506' title='bbox 1567 4463 1724 4534; x_wconf 82' lang='lat' dir='ltr'><strong>siderum</strong></span> <span class='ocrx_word' id='word_1_507' title='bbox 1760 4463 1923 4564; x_wconf 78' lang='lat' dir='ltr'><strong>sequenti</strong></span> <span class='ocrx_word' id='word_1_508' title='bbox 1954 4474 2131 4566; x_wconf 87' lang='lat' dir='ltr'><strong>tempore.</strong></span> 
     </span>
     <span class='ocr_line' id='line_1_42' title="bbox 184 4555 2131 4666; baseline -0.003 -31"><span class='ocrx_word' id='word_1_509' title='bbox 184 4563 286 4657; x_wconf 81' lang='lat' dir='ltr'><strong>Quid</strong></span> <span class='ocrx_word' id='word_1_510' title='bbox 302 4578 432 4636; x_wconf 86' lang='lat' dir='ltr'><strong>autem</strong></span> <span class='ocrx_word' id='word_1_511' title='bbox 430 4560 607 4649; x_wconf 81' lang='lat' dir='ltr'><strong>obstabit,</strong></span> <span class='ocrx_word' id='word_1_512' title='bbox 629 4589 725 4648; x_wconf 92' lang='lat' dir='ltr'><strong>eum,</strong></span> <span class='ocrx_word' id='word_1_513' title='bbox 742 4555 992 4661; x_wconf 78' lang='lat' dir='ltr'><strong>quiomnium</strong></span> <span class='ocrx_word' id='word_1_514' title='bbox 998 4565 1079 4634; x_wconf 69' lang='grc'>31311</span> <span class='ocrx_word' id='word_1_515' title='bbox 1130 4565 1222 4636; x_wconf 80' lang='lat' dir='ltr'><strong>Nam</strong></span> <span class='ocrx_word' id='word_1_516' title='bbox 1236 4567 1441 4658; x_wconf 64' lang='grc' dir='ltr'><strong>1313313331ι</strong></span> <span class='ocrx_word' id='word_1_517' title='bbox 1450 4566 1681 4666; x_wconf 71' lang='grc'>(3133113331</span> <span class='ocrx_word' id='word_1_518' title='bbox 1702 4566 1830 4664; x_wconf 75' lang='lat' dir='ltr'><strong>longa·</strong></span> <span class='ocrx_word' id='word_1_519' title='bbox 1827 4555 2021 4638; x_wconf 85' lang='lat' dir='ltr'><strong>intervalia</strong></span> <span class='ocrx_word' id='word_1_520' title='bbox 2046 4585 2131 4631; x_wconf 88' lang='lat' dir='ltr'><strong>con·</strong></span> 
     </span>
     <span class='ocr_line' id='line_1_43' title="bbox 80 4661 2131 4789; baseline -0 -54"><span class='ocrx_word' id='word_1_521' title='bbox 80 4665 199 4736; x_wconf 90' lang='lat' dir='ltr'><strong>iarum</strong></span> <span class='ocrx_word' id='word_1_522' title='bbox 217 4677 255 4736; x_wconf 85' lang='lat' dir='ltr'><strong>et</strong></span> <span class='ocrx_word' id='word_1_523' title='bbox 269 4667 362 4740; x_wconf 84' lang='lat' dir='ltr'><strong>Solis</strong></span> <span class='ocrx_word' id='word_1_524' title='bbox 379 4683 416 4738; x_wconf 90' lang='lat' dir='ltr'><strong>et</strong></span> <span class='ocrx_word' id='word_1_525' title='bbox 429 4666 555 4740; x_wconf 83' lang='lat' dir='ltr'><strong>Lunae</strong></span> <span class='ocrx_word' id='word_1_526' title='bbox 579 4682 719 4752; x_wconf 90' lang='lat' dir='ltr'><strong>motus,</strong></span> <span class='ocrx_word' id='word_1_527' title='bbox 755 4683 916 4761; x_wconf 84' lang='lat' dir='ltr'><strong>tempora</strong></span> <span class='ocrx_word' id='word_1_528' title='bbox 943 4683 989 4738; x_wconf 90' lang='lat' dir='ltr'><strong>et</strong></span> <span class='ocrx_word' id='word_1_529' title='bbox 1000 4668 1077 4736; x_wconf 88' lang='lat' dir='ltr'><strong>loca</strong></span> <span class='ocrx_word' id='word_1_530' title='bbox 1131 4692 1258 4760; x_wconf 88' lang='lat' dir='ltr'><strong>gruere</strong></span> <span class='ocrx_word' id='word_1_531' title='bbox 1274 4681 1446 4763; x_wconf 89' lang='lat' dir='ltr'><strong>possunt,</strong></span> <span class='ocrx_word' id='word_1_532' title='bbox 1471 4691 1619 4789; x_wconf 75' lang='lat' dir='ltr'><strong>prorsus</strong></span> <span class='ocrx_word' id='word_1_533' title='bbox 1639 4681 1758 4740; x_wconf 87' lang='lat' dir='ltr'><strong>autem</strong></span> <span class='ocrx_word' id='word_1_534' title='bbox 1782 4669 1974 4744; x_wconf 80' lang='lat' dir='ltr'><strong>convenire</strong></span> <span class='ocrx_word' id='word_1_535' title='bbox 1995 4661 2131 4786; x_wconf 79' lang='lat' dir='ltr'><strong>nequa·</strong></span> 
     </span>
     <span class='ocr_line' id='line_1_44' title="bbox 79 4769 2130 4886; baseline 0 -49"><span class='ocrx_word' id='word_1_536' title='bbox 79 4769 202 4854; x_wconf 78' lang='lat' dir='ltr'><strong>novit,</strong></span> <span class='ocrx_word' id='word_1_537' title='bbox 230 4783 266 4840; x_wconf 90' lang='lat' dir='ltr'><strong>et</strong></span> <span class='ocrx_word' id='word_1_538' title='bbox 287 4787 330 4841; x_wconf 80' lang='lat' dir='ltr'><strong>ex</strong></span> <span class='ocrx_word' id='word_1_539' title='bbox 349 4786 521 4864; x_wconf 83' lang='lat' dir='ltr'><strong>perpetua</strong></span> <span class='ocrx_word' id='word_1_540' title='bbox 543 4775 655 4844; x_wconf 86' lang='lat' dir='ltr'><strong>veteri</strong></span> <span class='ocrx_word' id='word_1_541' title='bbox 681 4772 930 4844; x_wconf 78' lang='lat' dir='ltr'><strong>observatione</strong></span> <span class='ocrx_word' id='word_1_542' title='bbox 954 4775 1078 4841; x_wconf 77' lang='grc'>333313(</span> <span class='ocrx_word' id='word_1_543' title='bbox 1131 4797 1254 4886; x_wconf 84' lang='lat' dir='ltr'><strong>quam.</strong></span> <span class='ocrx_word' id='word_1_544' title='bbox 1304 4771 1388 4844; x_wconf 91' lang='lat' dir='ltr'><strong>Nun</strong></span> <span class='ocrx_word' id='word_1_545' title='bbox 1417 4795 1499 4843; x_wconf 77' lang='lat' dir='ltr'><strong>cmm</strong></span> <span class='ocrx_word' id='word_1_546' title='bbox 1518 4772 1627 4856; x_wconf 92' lang='lat' dir='ltr'><strong>enim,</strong></span> <span class='ocrx_word' id='word_1_547' title='bbox 1653 4786 1715 4844; x_wconf 91' lang='lat' dir='ltr'><strong>aut</strong></span> <span class='ocrx_word' id='word_1_548' title='bbox 1732 4786 1826 4844; x_wconf 88' lang='lat' dir='ltr'><strong>certe</strong></span> <span class='ocrx_word' id='word_1_549' title='bbox 1842 4795 1918 4843; x_wconf 87' lang='lat' dir='ltr'><strong>non</strong></span> <span class='ocrx_word' id='word_1_550' title='bbox 1934 4769 1977 4844; x_wconf 90' lang='grc'><strong>113</strong></span> <span class='ocrx_word' id='word_1_551' title='bbox 1993 4769 2130 4868; x_wconf 87' lang='lat' dir='ltr'><strong>spatiis,</strong></span> 
     </span>
     <span class='ocr_line' id='line_1_45' title="bbox 81 4797 2129 4994; baseline 0.002 -56"><span class='ocrx_word' id='word_1_552' title='bbox 81 4885 231 4944; x_wconf 87' lang='lat' dir='ltr'><strong>naturas</strong></span> <span class='ocrx_word' id='word_1_553' title='bbox 255 4873 401 4959; x_wconf 89' lang='lat' dir='ltr'><strong>didicit,</strong></span> <span class='ocrx_word' id='word_1_554' title='bbox 432 4895 507 4945; x_wconf 90' lang='lat' dir='ltr'><strong>non</strong></span> <span class='ocrx_word' id='word_1_555' title='bbox 529 4875 684 4968; x_wconf 85' lang='lat' dir='ltr'><strong>qualcs&#39;</strong></span> <span class='ocrx_word' id='word_1_556' title='bbox 674 4898 717 4944; x_wconf 89' lang='grc' dir='ltr'><strong>ιιι·</strong></span> <span class='ocrx_word' id='word_1_557' title='bbox 732 4876 810 4967; x_wconf 86' lang='lat' dir='ltr'><strong>ipso</strong></span> <span class='ocrx_word' id='word_1_558' title='bbox 830 4877 933 4944; x_wconf 88' lang='lat' dir='ltr'><strong>coelo</strong></span> <span class='ocrx_word' id='word_1_559' title='bbox 956 4874 1079 4972; x_wconf 64' lang='lat' dir='ltr'><strong>simil),</strong></span> <span class='ocrx_word' id='word_1_560' title='bbox 1131 4876 1222 4994; x_wconf 70' lang='lat' dir='ltr'><strong>quae</strong></span> <span class='ocrx_word' id='word_1_561' title='bbox 1242 4797 1627 4974; x_wconf 67' lang='lat' dir='ltr'><strong>comprobenderc</strong></span> <span class='ocrx_word' id='word_1_562' title='bbox 1572 4855 1739 4947; x_wconf 82' lang='lat' dir='ltr'><strong>lio&#39;mines</strong></span> <span class='ocrx_word' id='word_1_563' title='bbox 1763 4876 1932 4967; x_wconf 83' lang='lat' dir='ltr'><strong>possunt,</strong></span> <span class='ocrx_word' id='word_1_564' title='bbox 1963 4871 2040 4944; x_wconf 85' lang='lat' dir='ltr'><strong>fieri</strong></span> <span class='ocrx_word' id='word_1_565' title='bbox 2064 4897 2129 4965; x_wconf 88' lang='lat' dir='ltr'><strong>po·</strong></span> 
     </span>
     <span class='ocr_line' id='line_1_46' title="bbox 81 4965 2182 5098; baseline -0.001 -54"><span class='ocrx_word' id='word_1_566' title='bbox 81 4973 142 5044; x_wconf 85' lang='lat' dir='ltr'><strong>sed</strong></span> <span class='ocrx_word' id='word_1_567' title='bbox 163 4978 289 5070; x_wconf 89' lang='lat' dir='ltr'><strong>quales</strong></span> <span class='ocrx_word' id='word_1_568' title='bbox 309 4972 468 5048; x_wconf 88' lang='lat' dir='ltr'><strong>habeant</strong></span> <span class='ocrx_word' id='word_1_569' title='bbox 488 4977 694 5061; x_wconf 87' lang='lat' dir='ltr'><strong>facultates,</strong></span> <span class='ocrx_word' id='word_1_570' title='bbox 733 4992 768 5048; x_wconf 92' lang='lat' dir='ltr'><strong>et</strong></span> <span class='ocrx_word' id='word_1_571' title='bbox 800 5001 891 5073; x_wconf 88' lang='lat' dir='ltr'><strong>quos</strong></span> <span class='ocrx_word' id='word_1_572' title='bbox 916 4979 1077 5048; x_wconf 79' lang='lat' dir='ltr'><strong>effectus.</strong></span> <span class='ocrx_word' id='word_1_573' title='bbox 1130 4977 1234 5061; x_wconf 89' lang='lat' dir='ltr'><strong>terit,</strong></span> <span class='ocrx_word' id='word_1_574' title='bbox 1272 4991 1314 5050; x_wconf 89' lang='lat' dir='ltr'><strong>ut</strong></span> <span class='ocrx_word' id='word_1_575' title='bbox 1340 4965 1469 5047; x_wconf 80' lang='lat' dir='ltr'><strong>redcat</strong></span> <span class='ocrx_word' id='word_1_576' title='bbox 1486 4967 1584 5052; x_wconf 84' lang='lat' dir='ltr'><strong>ideni</strong></span> <span class='ocrx_word' id='word_1_577' title='bbox 1604 4977 1744 5098; x_wconf 84' lang='lat' dir='ltr'><strong>positus</strong></span> <span class='ocrx_word' id='word_1_578' title='bbox 1763 4978 1921 5049; x_wconf 85' lang='lat' dir='ltr'><strong>siderum</strong></span> <span class='ocrx_word' id='word_1_579' title='bbox 1940 4990 1983 5048; x_wconf 80' lang='lat' dir='ltr'><strong>et</strong></span> <span class='ocrx_word' id='word_1_580' title='bbox 2003 4978 2128 5048; x_wconf 83' lang='lat' dir='ltr'><strong>eadem</strong></span> <span class='ocrx_word' id='word_1_581' title='bbox 2178 5021 2182 5040; x_wconf 90' lang='lat'><strong>.</strong></span> 
     </span>
     <span class='ocr_line' id='line_1_47' title="bbox 78 5070 2128 5186; baseline 0 -38"><span class='ocrx_word' id='word_1_582' title='bbox 78 5089 119 5148; x_wconf 87' lang='grc'><strong>31</strong></span> <span class='ocrx_word' id='word_1_583' title='bbox 134 5081 243 5174; x_wconf 91' lang='lat' dir='ltr'><strong>quod</strong></span> <span class='ocrx_word' id='word_1_584' title='bbox 251 5081 314 5152; x_wconf 88' lang='lat' dir='ltr'><strong>Sol</strong></span> <span class='ocrx_word' id='word_1_585' title='bbox 332 5082 508 5164; x_wconf 89' lang='lat' dir='ltr'><strong>calefacit,</strong></span> <span class='ocrx_word' id='word_1_586' title='bbox 538 5079 641 5150; x_wconf 88' lang='lat' dir='ltr'><strong>Luna</strong></span> <span class='ocrx_word' id='word_1_587' title='bbox 667 5077 865 5161; x_wconf 56' lang='lat' dir='ltr'><strong>humectam</strong></span> <span class='ocrx_word' id='word_1_588' title='bbox 906 5070 1035 5152; x_wconf 83' lang='lat' dir='ltr'><strong>buac&#39;</strong></span> <span class='ocrx_word' id='word_1_589' title='bbox 1022 5100 1079 5148; x_wconf 87' lang='lat' dir='ltr'><strong>m</strong></span> <span class='ocrx_word' id='word_1_590' title='bbox 1129 5093 1248 5149; x_wconf 90' lang='lat' dir='ltr'><strong>terrae</strong></span> <span class='ocrx_word' id='word_1_591' title='bbox 1271 5081 1505 5165; x_wconf 69' lang='grc'>(3331113113,</span> <span class='ocrx_word' id='word_1_592' title='bbox 1549 5081 1619 5186; x_wconf 80' lang='lat' dir='ltr'><strong>nisi</strong></span> <span class='ocrx_word' id='word_1_593' title='bbox 1650 5081 1730 5176; x_wconf 88' lang='lat' dir='ltr'><strong>quis</strong></span> <span class='ocrx_word' id='word_1_594' title='bbox 1758 5082 1858 5152; x_wconf 82' lang='lat' dir='ltr'><strong>inani</strong></span> <span class='ocrx_word' id='word_1_595' title='bbox 1887 5073 2128 5153; x_wconf 82' lang='lat' dir='ltr'><strong>ostentatione</strong></span> 
     </span>
     <span class='ocr_line' id='line_1_48' title="bbox 81 5135 2128 5291; baseline 0.002 -41"><span class='ocrx_word' id='word_1_596' title='bbox 81 5205 209 5274; x_wconf 69' lang='grc'>(333(3,</span> <span class='ocrx_word' id='word_1_597' title='bbox 237 5185 325 5279; x_wconf 90' lang='lat' dir='ltr'><strong>quid</strong></span> <span class='ocrx_word' id='word_1_598' title='bbox 341 5197 440 5254; x_wconf 86' lang='lat' dir='ltr'><strong>vetat</strong></span> <span class='ocrx_word' id='word_1_599' title='bbox 455 5135 601 5278; x_wconf 73' lang='lat' dir='ltr'><strong>physica</strong></span> <span class='ocrx_word' id='word_1_600' title='bbox 619 5186 905 5288; x_wconf 83' lang='lat' dir='ltr'><strong>consideratione</strong></span> <span class='ocrx_word' id='word_1_601' title='bbox 928 5199 963 5254; x_wconf 89' lang='grc'><strong>31</strong></span> <span class='ocrx_word' id='word_1_602' title='bbox 984 5196 1078 5276; x_wconf 86' lang='lat' dir='ltr'><strong>apte,</strong></span> <span class='ocrx_word' id='word_1_603' title='bbox 1129 5183 1266 5252; x_wconf 84' lang='lat' dir='ltr'><strong>iactare</strong></span> <span class='ocrx_word' id='word_1_604' title='bbox 1292 5185 1377 5254; x_wconf 82' lang='lat' dir='ltr'><strong>velit</strong></span> <span class='ocrx_word' id='word_1_605' title='bbox 1403 5204 1528 5254; x_wconf 84' lang='lat' dir='ltr'><strong>earnm</strong></span> <span class='ocrx_word' id='word_1_606' title='bbox 1559 5207 1681 5286; x_wconf 80' lang='lat' dir='ltr'><strong>rerum</strong></span> <span class='ocrx_word' id='word_1_607' title='bbox 1707 5187 2016 5291; x_wconf 86' lang='lat' dir='ltr'><strong>perceptionem,</strong></span> <span class='ocrx_word' id='word_1_608' title='bbox 2035 5206 2128 5278; x_wconf 77' lang='lat' dir='ltr'><strong>quae</strong></span> 
     </span>
     <span class='ocr_line' id='line_1_49' title="bbox 81 5283 2127 5384; baseline 0.001 -31"><span class='ocrx_word' id='word_1_609' title='bbox 81 5307 122 5354; x_wconf 79' lang='lat' dir='ltr'><strong>ex</strong></span> <span class='ocrx_word' id='word_1_610' title='bbox 135 5287 329 5357; x_wconf 77' lang='lat' dir='ltr'><strong>collatione</strong></span> <span class='ocrx_word' id='word_1_611' title='bbox 348 5287 533 5373; x_wconf 92' lang='lat' dir='ltr'><strong>omnium,</strong></span> <span class='ocrx_word' id='word_1_612' title='bbox 559 5301 634 5358; x_wconf 86' lang='lat' dir='ltr'><strong>tum</strong></span> <span class='ocrx_word' id='word_1_613' title='bbox 661 5289 850 5384; x_wconf 88' lang='lat' dir='ltr'><strong>qualitates</strong></span> <span class='ocrx_word' id='word_1_614' title='bbox 871 5302 1078 5381; x_wconf 87' lang='lat' dir='ltr'><strong>temporum</strong></span> <span class='ocrx_word' id='word_1_615' title='bbox 1130 5283 1386 5379; x_wconf 86' lang='lat' dir='ltr'><strong>comprehendi</strong></span> <span class='ocrx_word' id='word_1_616' title='bbox 1407 5301 1625 5382; x_wconf 81' lang='lat' dir='ltr'><strong>nunquam</strong></span> <span class='ocrx_word' id='word_1_617' title='bbox 1632 5303 1793 5382; x_wconf 78' lang='lat' dir='ltr'><strong>possunt.</strong></span> <span class='ocrx_word' id='word_1_618' title='bbox 1863 5287 2127 5359; x_wconf 83' lang='lat' dir='ltr'><strong>Dissimiiitudo</strong></span> 
     </span>
     <span class='ocr_line' id='line_1_50' title="bbox 86 5389 2126 5510; baseline -0.002 -48"><span class='ocrx_word' id='word_1_619' title='bbox 86 5443 293 5464; x_wconf 81' lang='grc'>...........</span> <span class='ocrx_word' id='word_1_620' title='bbox 1130 5389 1240 5481; x_wconf 91' lang='lat' dir='ltr'><strong>igitur</strong></span> <span class='ocrx_word' id='word_1_621' title='bbox 1261 5390 1519 5510; x_wconf 76' lang='lat' dir='ltr'><strong>exemplorum</strong></span> <span class='ocrx_word' id='word_1_622' title='bbox 1531 5416 1636 5463; x_wconf 88' lang='lat' dir='ltr'><strong>causa</strong></span> <span class='ocrx_word' id='word_1_623' title='bbox 1661 5406 1732 5476; x_wconf 88' lang='grc'>331,</span> <span class='ocrx_word' id='word_1_624' title='bbox 1760 5417 1823 5464; x_wconf 89' lang='lat' dir='ltr'><strong>cur</strong></span> <span class='ocrx_word' id='word_1_625' title='bbox 1851 5391 1889 5460; x_wconf 89' lang='grc'><strong>13</strong></span> <span class='ocrx_word' id='word_1_626' title='bbox 1910 5390 2126 5483; x_wconf 88' lang='lat' dir='ltr'><strong>praedictio-</strong></span> 
     </span>
     <span class='ocr_line' id='line_1_51' title="bbox 110 5493 2125 5591; baseline -0.001 -25"><span class='ocrx_word' id='word_1_627' title='bbox 110 5523 300 5591; x_wconf 65' lang='lat' dir='ltr'><strong>2).1„qm</strong></span> <span class='ocrx_word' id='word_1_628' title='bbox 319 5525 395 5580; x_wconf 68' lang='lat' dir='ltr'><strong>rm,</strong></span> <span class='ocrx_word' id='word_1_629' title='bbox 415 5529 489 5578; x_wconf 58' lang='lat' dir='ltr'><strong>..mg</strong></span> <span class='ocrx_word' id='word_1_630' title='bbox 571 5497 575 5504; x_wconf 77' lang='grc'><strong>“</strong></span> <span class='ocrx_word' id='word_1_631' title='bbox 628 5539 648 5557; x_wconf 82' lang='lat'><strong>.-</strong></span> <span class='ocrx_word' id='word_1_632' title='bbox 780 5541 782 5549; x_wconf 90' lang='lat'>·</span> <span class='ocrx_word' id='word_1_633' title='bbox 937 5547 941 5554; x_wconf 80' lang='grc'>.</span> <span class='ocrx_word' id='word_1_634' title='bbox 1129 5493 1234 5565; x_wconf 89' lang='lat' dir='ltr'><strong>nibus</strong></span> <span class='ocrx_word' id='word_1_635' title='bbox 1260 5495 1400 5590; x_wconf 85' lang='lat' dir='ltr'><strong>aliquid</strong></span> <span class='ocrx_word' id='word_1_636' title='bbox 1419 5495 1467 5564; x_wconf 88' lang='grc'><strong>311</strong></span> <span class='ocrx_word' id='word_1_637' title='bbox 1495 5520 1673 5574; x_wconf 67' lang='lat' dir='ltr'><strong>errorum.</strong></span> <span class='ocrx_word' id='word_1_638' title='bbox 1739 5495 2012 5566; x_wconf 77' lang='lat' dir='ltr'><strong>Conturbantur</strong></span> <span class='ocrx_word' id='word_1_639' title='bbox 2038 5517 2125 5582; x_wconf 79' lang='lat' dir='ltr'><strong>ergo</strong></span> 
     </span>
    </p>
   </div>
   <div class='ocr_carea' id='block_1_3' title="bbox 0 0 2354 5808">
    <p class='ocr_par' dir='ltr' id='par_1_3' title="bbox 0 0 2354 5808">
     <span class='ocr_line' id='line_1_52' title="bbox 0 0 2354 5808; baseline 0 0"><span class='ocrx_word' id='word_1_640' title='bbox 0 0 2354 5808; x_wconf 95' lang='lat' dir='ltr'><strong> </strong></span> 
     </span>
    </p>
   </div>
  </div>
 </body>
</html>
