4700 5808
75 254 120 330 a
251 253 392 330 xcvu
438 227 837 372 mruarasrsno
860 246 1034 325 orans
1059 244 1447 348 Quanemtann
1469 193 1752 328 procantu
1783 255 1872 330 nte.
1888 191 1930 330 u.
2056 259 2111 336 te

77 425 457 511 communicationem,
496 429 625 512 belem,
663 431 825 498 amorem
857 429 940 517 erga
962 446 1067 508 που,
1111 445 1213 512 rem,
1239 448 1332 520 quae
1347 425 1392 495 ab
1407 425 1492 518 ipsis
1507 439 1736 518 nuncupatur
1751 425 1832 510 Isis;
1863 441 1900 500 et
1916 429 2112 502 Saturnum

77 529 410 600 etbenel'rcentiam.
462 529 578 622 Magis
603 542 721 600 autem
745 542 913 600 naturam
934 527 1067 599 Arietis
1118 541 1153 596 et
1168 529 1308 612 Solem,
1335 551 1441 622 quem
1458 543 1588 600 vocant
1604 527 1794 612 Mithram3
1821 544 1857 602 et
1877 533 2011 604 multae
2028 545 2113 605 sunt

78 642 110 701 et
138 631 269 702 Martis
291 633 455 702 referunt
490 631 698 717 Britannia,
735 629 938 724 Belginum,
977 631 1067 701 Ger·
1118 631 1168 719 ibi
1185 642 1335 701 naturae
1349 632 1542 716 vatidicae,
1569 645 1604 702 et
1628 647 1882 705 consecrantur
1905 635 1953 704 ibi
1975 639 2113 727 puden·
2167 643 2172 650 '

76 733 215 819 mania,
239 733 442 806 Bastarnis.
494 735 616 826 Quare
633 735 670 803 in
691 731 747 805 his
764 734 970 826 regionibus
992 755 1066 800 ma·
1118 734 1187 802 dae
1202 757 1395 824 corporum
1414 746 1551 826 partes,
1576 735 1659 828 quia
1679 737 1816 828 positus
1831 738 1889 806 ille
1903 731 2023 808 s'emen
2048 763 2111 808 au·

76 859 138 928 gna
163 861 209 906 ex
231 849 334 928 parte
358 833 521 908 homiues
543 849 627 909 sunt
647 837 759 929 magis
779 837 846 908 leri
875 850 910 906 et
939 849 1066 906 truces.
1118 848 1186 926 get.
1251 835 1413 929 Suntque
1440 851 1560 926 gentes
1585 837 1667 907 illae
1690 839 1826 908 calidae
1850 853 1884 909 et
1906 863 2043 932 pronae
2065 842 2111 910 ad

73 935 192 1022 Italia,
225 939 377 1030 Apulia,
409 939 525 1010 Gallia
550 952 692 1032 togata,
727 939 867 1022 Sicilia,
905 936 1064 1008 Leonem

74 1053 104 1112 et
119 1041 243 1111 Solem
268 1040 381 1134 magis
408 1043 585 1113 referunt:
620 1043 701 1112 ideo
727 1040 985 1112 dominationis
1007 1065 1067 1110 cu-

73 1143 144 1236 pidi
160 1156 267 1227 suut,
300 1145 448 1214 benefici
464 1157 501 1214 et
515 1145 630 1237 magis
646 1160 808 1216 amantes
824 1143 1066 1214 communica·

72 1246 199 1326 tionis;
244 1243 427 1340 Tyrrheni
448 1271 534 1317 vero
558 1261 593 1318 et
610 1246 731 1319 Celtae
752 1261 787 1316 et
802 1245 972 1338 Hispani,
1004 1244 1066 1314 Sa-

71 1349 257 1440 gittarium
302 1362 337 1420 et
366 1347 508 1420 lovem:
563 1373 674 1446 quare
715 1349 905 1420 munditiei
942 1369 1066 1417 aman-

71 1465 120 1522 tes
140 1463 237 1523 suut.
515 1463 519 1471 '

172 1552 329 1647 Reliqua
358 1554 436 1624 loca
462 1549 569 1626 huius
593 1553 802 1648 quadrantis
822 1552 1003 1644 vergentia
1027 1551 1064 1619 in

69 1656 230 1725 medium
253 1655 364 1727 totius
387 1667 522 1739 terrae,
552 1652 730 1738 Thracia,
764 1653 997 1738 Macedonia,
1022 1651 1066 1722 ll·

70 1759 244 1852 lyricum,
278 1757 448 1842 Graecia,
481 1754 637 1841 Achaia,
671 1755 797 1842 Creta,
837 1757 974 1828 insulae
998 1756 1066 1849 Cy·

71 1863 199 1944 clades,
216 1873 252 1930 ct
267 1861 447 1930 maritima
462 1860 541 1931 loca
558 1860 667 1931 Asiae
679 1859 843 1944 minoris,
865 1873 901 1930 et
914 1859 1066 1952 Cyprus,

71 1963 269 2056 spectantia
299 1983 421 2035 versus
453 1977 573 2033 ortum
603 1961 802 2034 brumalem
836 1962 945 2034 totius
978 1985 1066 2055 qua-

71 2067 228 2148 drantis,
254 2066 449 2136 adsumunt
460 2079 626 2135 naturam
642 2064 832 2157 trianguli,
866 2060 928 2158 qui
951 2062 1066 2134 domi-

70 2183 179 2240 natur
194 2169 235 2236 in
250 2181 332 2238 ortu
346 2168 525 2253 brumali,
552 2169 684 2240 scilicet
699 2168 833 2250 Tauri,
858 2167 1017 2258 Virginis
1031 2177 1066 2236 et

3 2339 4 2358 ,
72 2271 303 2364 Capricorni,
328 2283 364 2340 et
378 2273 551 2341 accedunt
563 2270 704 2355 Venus,
732 2271 907 2341 Saturnus
923 2282 958 2339 et
969 2267 1065 2338 Mer·

3 2373 4 2378 ’
73 2375 202 2446 runnu
270 2373 363 2444 Sunt
389 2374 499 2464 igitur
530 2397 653 2444 earum
683 2373 871 2465 regionum
900 2368 1065 2442 homines

72 2476 184 2569 magis
208 2477 306 2545 inter
319 2499 356 2544 se
369 2476 505 2547 ‘similes
522 2489 557 2545 et
574 2477 781 2569 temperati,
807 2475 1065 2546 dominationis

74 2580 213 2671 cupidi,
239 2577 421 2670 generosi,
445 2578 673 2670 impatientes
692 2577 891 2660 servitutis,
917 2587 1065 2668 propter

72 2683 245 2762 Martem3
293 2678 443 2752 studiosi
463 2682 615 2752 musices
641 2679 843 2763 doctrinae,
877 2678 1065 2760 libertatis,

74 2811 134 2856 suo
151 2783 303 2855 consilio
320 2781 573 2855 constituentes
593 2783 832 2876 respublicas,
852 2782 1064 2874 popularem

73 2886 371 2979 gubernationem
400 2899 583 2969 amantes,
613 2887 884 2978 legumlatores,
917 2897 1065 2976 propter

72 2989 212 3070 lorem;
246 3001 408 3060 amantes
425 2989 628 3080 ,spectacula
655 3003 690 3060 et
712 2986 947 3071 munditiem,
981 3010 1065 3080 pro·

3 3101 5 3180 ζ
73 3109 150 3187 pter
163 3091 361 3172 Venerem;
386 3115 525 3175 comes,
546 3089 760 3184 hospitales,
786 3091 943 3160 iustitiae
959 3090 1065 3158 etlit-

74 3211 230 3266 terarum
253 3207 289 3263 et
311 3193 537 3289 eloquentiae
561 3194 731 3278 studiosi,
758 3205 910 3285 propter
924 3191 1065 3262 Mercu-

3 3303 4 3312 ’
73 3302 176 3371 rium.
229 3296 369 3369 Rursus
385 3321 428 3366 ex
442 3293 499 3369 his
521 3297 662 3390 aliquae
683 3295 847 3388 regiones
871 3295 985 3386 magis
1009 3319 1065 3364 re·

71 3405 189 3473 luunt
204 3412 375 3470 naturam
392 3398 504 3470 Tauri
520 3413 555 3470 et
569 3399 736 3480 Veneris3
763 3397 926 3468 videlicet
941 3397 1065 3491 Cycla-

73 3507 130 3578 des
147 3518 184 3574 et
199 3503 381 3572 maritima
399 3527 461 3572 ora
477 3501 628 3572 minoris
642 3501 765 3584 Asiae,
792 3502 942 3594 Cyprus.
980 3497 1064 3569 ldeo

73 3631 200 3699 magna
220 3617 381 3697 exparte
396 3605 446 3674 illi
462 3602 628 3676 homines
642 3617 726 3676 suut
739 3605 851 3673 dediti
874 3603 1065 3694 voluptati·

74 3712 148 3792 bus,
165 3721 330 3778 amantes
347 3708 560 3778 munditiem
579 3721 615 3778 et
631 3730 782 3799 corpora
802 3707 991 3798 diligenter
1006 3731 1065 3776 cu·
1086 3737 1087 3740 ¹

74 3825 202 3883 rantes.
253 3810 415 3902 Virginis
431 3825 549 3880 autem
563 3823 599 3880 et
612 3808 785 3880 Mercurii
799 3823 967 3880 naturam
989 3831 1065 3878 ma·

3 3997 4 4000 ¹
74 3917 122 4008 gis
141 3916 306 3985 referunt
327 3912 499 3995 Graecia,
531 3909 688 3995 Achaia,
723 3911 841 3982 Creta.
906 3908 992 3980 Ideo
1015 3909 1065 3980 ibi

74 4015 236 4090 homines
265 4028 350 4088 sunt
378 4014 528 4088 studiosi
557 4014 762 4099 doctrinae,
793 4026 830 4082 et
848 4014 962 4104 magis
988 4015 1059 4082 ani·

74 4147 165 4191 mam
182 4145 294 4214 quarn
313 4141 464 4210 corpora
483 4130 695 4188 exercentes.

172 4223 386 4314 Capricorni
403 4245 490 4291 vero
506 4234 541 4290 et
557 4219 703 4290 Saturni
717 4232 885 4288 naturam
905 4218 1067 4286 releuant

74 4325 306 4409 Macedonia,
332 4321 486 4393 Thracia
506 4337 542 4393 et
555 4321 747 4416 Illyricum.
803 4319 888 4390 ldeo
912 4334 996 4390 sunt
1015 4318 1065 4388 ibi

74 4424 237 4500 homiues
273 4425 392 4518 cupidi
425 4425 658 4510 divitiarum,
701 4449 766 4494 nec
802 4423 952 4515 placidi,
1000 4445 1065 4491 nec

75 4545 234 4602 amantes
257 4529 637 4600 communicationum.

170 4633 388 4704 insecundo
405 4635 625 4726 quadrante,
652 4629 714 4724 qui
726 4641 865 4720 spectat
879 4630 1066 4711 Austrum,

75 4761 152 4827 pars
166 4750 220 4808 est
235 4758 387 4826 magnae
400 4736 524 4816 Asiae,
549 4732 670 4816 ludia,
694 4732 850 4816 Ariana,
877 4731 1066 4815 Gedrosia,

75 4836 239 4922 Parthia,
267 4839 408 4921 Media,
438 4836 581 4920 Persia,
609 4835 828 4929 Babylonia,
861 4835 1066 4924 ttesopota-

75 4942 162 5027 rnia,
185 4942 355 5035 Assyria,
382 4964 474 5034 quae
488 4942 578 5011 sitae
600 4951 686 5010 sunt
707 4941 751 5006 ad
777 4951 896 5006 ortum
921 4937 1065 5006 bruma-

72 5045 157 5130 lem,
192 5049 291 5139 quod
319 5045 364 5112 ad
391 5046 580 5114 universae
605 5055 721 5112 terrae
746 5041 902 5132 positum
926 5039 1066 5110 attinet.

1118 937 1345 1008 concubitum
1383 950 1418 1007 et
1448 939 1639 1024 libidines,
1691 941 1830 1010 deditae
1861 943 2044 1012 saltationi
2075 955 2111 1012 et

1118 1052 1279 1110 amantes
1312 1055 1460 1111 ornatus
1491 1056 1641 1134 propter
1672 1042 1870 1128 Venerem,
1919 1059 1953 1115 et
1985 1046 2108 1114 luxum

1119 1155 1330 1236 quaerentes
1358 1157 1508 1235 propter
1524 1145 1737 1218 Saturnum.
1804 1146 1929 1217 Palam
1964 1171 2051 1217 vero
2075 1159 2111 1217 et

1117 1269 1192 1315 non
1212 1245 1249 1313 in
1267 1247 1405 1316 occtrlto
1422 1270 1501 1314 cum
1519 1247 1728 1320 mulieribus
1745 1251 2000 1332 concumbunt,
2027 1273 2110 1340 pro—

1118 1361 1238 1439 pterea
1265 1350 1361 1441 quod
1387 1349 1550 1439 planetae
1578 1349 1744 1420 orientali
1766 1351 1885 1442 positu
1915 1353 1965 1422 eis
1995 1352 2111 1420 domi·

1115 1463 1273 1530 nantur;
1313 1452 1521 1522 concubitus
1550 1475 1637 1520 vero
1672 1456 1912 1524 masculorum
1944 1458 2110 1526 oderunt.

1118 1553 1224 1623 Multi
1243 1552 1350 1622 etiam
1369 1575 1449 1622 cum
1468 1554 1642 1626 matribus
1655 1557 1946 1626 consuetudinem
1964 1553 2110 1642 habeut,

1118 1667 1154 1726 et
1167 1666 1313 1746 pectore
1329 1655 1505 1746 supplices
1520 1669 1637 1746 gestus
1653 1659 1784 1740 edunt,
1815 1673 1964 1751 propter
1989 1673 2110 1728 ortum

1116 1756 1355 1840 matutinum,
1382 1771 1417 1826 et
1433 1759 1514 1852 quia
1533 1759 1687 1850 pectoris
1703 1760 1924 1854 principatus
1947 1761 2112 1852 congruit

1118 1885 1197 1930 cum
1223 1859 1317 1929 Sole.
1377 1859 1513 1930 Amant
1543 1861 1582 1930 iu
1613 1861 1742 1932 vestitu
1767 1875 1802 1932 et
1823 1864 1991 1934 universo
2013 1865 2110 1934 cultu

1118 1961 1299 2054 corporis,
1321 1961 1476 2032 nitorem
1494 1975 1530 2034 et
1543 1963 1755 2034 munditiem
1773 1966 2003 2050 muliebrem,
2027 1991 2110 2058 pro-

1116 2080 1197 2157 pter
1211 2063 1410 2144 Venerem3
1436 2079 1472 2134 et
1495 2079 1616 2136 tamen
1641 2067 1770 2138 animis
1795 2081 1830 2138 et
1851 2071 2007 2142 consiliis
2028 2081 2112 2138 sunt

1118 2167 1281 2258 generosi
1302 2177 1337 2236 et
1360 2168 1536 2253 bellicosi,
1577 2183 1727 2262 propter
1751 2183 1870 2240 ortum
1892 2170 2110 2242 matutinum

1118 2267 1275 2340 Saturni.
1327 2267 1562 2341 peculiariter
1577 2297 1663 2341 vero
1681 2273 1794 2364 magis
1809 2299 1828 2341 a
1846 2274 1970 2345 Tauro
1993 2287 2028 2344 et
2041 2272 2111 2343 Vc·

1117 2395 1203 2443 nere
1219 2385 1393 2462 reguntur
1406 2369 1576 2458 Parthia,
1600 2375 1720 2444 Media
1744 2389 1779 2446 et
1793 2376 1927 2448 Persia.
1989 2376 2111 2469 Quare
2191 2377 2198 2392 “

1117 2470 1245 2544 harum
1269 2475 1457 2564 regionum
1482 2477 1621 2547 incolae
1644 2477 1774 2547 vestitu
1794 2492 1946 2548 utuntur
1969 2480 2118 2562 florido,-

1117 2587 1312 2668 teguntque
1328 2589 1401 2645 tota
1421 2601 1572 2670 corpora
1589 2593 1732 2670 praeter
1748 2592 1888 2672 pectus,
1916 2593 1950 2650 et
1972 2583 2010 2649 in
2032 2580 2111 2650 uni-

1115 2702 1258 2750 versum
1278 2677 1485 2750 deliciarum
1500 2694 1535 2749 et
1550 2681 1738 2752 munditiei
1753 2682 1902 2752 studiosi
1919 2697 2013 2754 sunt.

1219 2776 1417 2872 AVirgine
1441 2795 1476 2852 ct
1497 2782 1679 2854 Mercurio
1700 2797 1873 2875 reguntur
1895 2784 2110 2879 Babylonia,

1117 2881 1400 2974 Mesopotamia,
1439 2887 1604 2980 Assyria,
1651 2911 1744 2982 quae
1776 2886 1857 2956 ideo
1896 2889 2112 2958 antecellunt

1117 2985 1321 3076 cognitione
1337 2983 1595 3060 mathematum
1622 3003 1655 3059 et
1679 2990 1929 3060 observatione
1945 3005 2110 3061 motuum

1117 3088 1321 3158 coelestium
1339 3101 1373 3158 et
1388 3091 1557 3162 siderum.
1608 3091 1641 3163 A
1657 3091 1880 3184 Capricorno
1895 3117 1982 3164 vero
1997 3106 2033 3163 et
2048 3092 2113 3164 Sa·

1117 3203 1225 3260 turno
1249 3203 1422 3281 reguntur
1443 3191 1564 3277 ludia,
1596 3195 1751 3277 Ariana,
1793 3195 1986 3265 Gedrosia:
2028 3196 2111 3265 ideo

1117 3317 1239 3362 earum
1255 3293 1443 3382 regionum
1462 3295 1615 3368 cultores
1631 3309 1715 3367 suut
1733 3297 1930 3384 deformes,
1955 3299 2111 3368 immun-

1116 3395 1173 3479 di,
1203 3395 1351 3466 heluini.

1219 3497 1337 3568 Media
1354 3523 1440 3568 vero
1458 3500 1536 3569 loca
1551 3495 1657 3572 huius
1673 3501 1901 3596 quadrantis,
1927 3500 2111 3587 Idumaea,

1116 3621 1201 3668 cava
1226 3600 1349 3694 Syria,
1388 3597 1539 3686 Iudaea,
1573 3599 1774 3690 Phoenice,
1808 3603 2010 3691 Chaldaea,
2041 3605 2111 3676 Or·

1117 3698 1256 3785 chinia,
1289 3702 1423 3773 Arabia
1445 3704 1550 3787 felix,
1584 3719 1746 3797 spectant
1769 3710 2049 3799 septentrionem
2075 3720 2112 3777 et

1117 3827 1302 3904 occasum,
1327 3808 1425 3876 irrxta
1439 3807 1546 3877 situm
1564 3809 1753 3880 universae
1776 3823 1904 3884 terrae.
1961 3811 2025 3882 Est
2047 3809 2112 3902 igi-

1116 3921 1176 3976 tur
1206 3909 1372 3999 cognatio
1403 3933 1483 3979 cum
1516 3909 1697 4002 triangulo
1728 3936 1871 3984 occasus
1902 3913 2111 3995 solstitialis,

1115 4009 1238 4079 Ariete
1249 4045 1269 4092 ,·
1286 4008 1407 4081 Leone
1421 4025 1455 4080 et
1471 4011 1684 4102 Sagittario;
1720 4028 1755 4084 et
1777 4029 1948 4106 praesunt
1963 4012 2111 4107 Iupiter,

1117 4111 1216 4182 Mars
1232 4124 1268 4180 et
1278 4113 1489 4184 Mercurius.
1528 4111 1653 4209 ltaque
1667 4112 1735 4185 bae
1751 4131 1872 4208 gentes
1886 4118 2000 4210 magis
2013 4141 2126 4188 exera

1117 4227 1198 4283 cent
1214 4229 1433 4285 mercaturas
1458 4231 1493 4285 et
1518 4241 1638 4288 rerum
1656 4224 1955 4311 permutationes,
1979 4234 2015 4292 et
2030 4234 2114 4292 sunt
2237 4261 2244 4274 «

1117 4317 1231 4407 magis
1250 4319 1404 4405 versuti,
1443 4319 1686 4410 periculorum
1710 4336 1975 4417 contemptores
2000 4339 2035 4394 ct
2058 4325 2113 4393 in-

1117 4419 1323 4506 sidiatores,
1356 4435 1391 4492 et
1413 4424 1544 4495 animis
1565 4425 1753 4497 servilibus
1776 4441 1810 4496 et
1833 4417 1983 4497 omnino
2007 4427 2112 4512 varii,

1117 4536 1158 4592 ut
1172 4524 1353 4594 stellarum
1373 4525 1469 4594 inter
1483 4551 1519 4596 se
1544 4531 1779 4619 eortbguratio
1801 4530 1926 4601 talium
1950 4531 2112 4620 ingenio.

1117 4649 1198 4694 rarus
1215 4628 1423 4710 varietatem
1440 4629 1558 4699 ellicit.
1609 4629 1656 4700 Et
1670 4627 1797 4703 harum
1813 4635 2000 4724 regionum
2023 4653 2112 4700 cara

1117 4729 1241 4822 Syria,
1268 4727 1418 4813 iudaea,
1451 4728 1640 4818 idumaea,
1672 4736 1785 4826 magis
1805 4737 1920 4808 Arieti
1942 4745 1978 4804 et
2000 4731 2112 4810 Marti

1119 4831 1383 4902 attribuuntur:
1436 4849 1520 4906 scant
1545 4835 1654 4926 igitur
1677 4842 1848 4922 audaces,
1888 4837 2111 4930 superstitio-

1117 4959 1205 5003 num
1250 4947 1515 5027 contemptores
1548 4951 1583 5008 et
1616 4939 1859 5022 insidiatorem
1913 4939 2111 5012 Phoenices

1118 5058 1205 5105 vero
1233 5051 1270 5107 et
1298 5035 1469 5109 Chaldaei
1499 5054 1534 5110 et
1567 5039 1759 5127 Orchinii,
1812 5043 1927 5115 Leoni
1958 5057 1993 5116 et
2016 5045 2110 5117 Soli:

3 5137 4 5156 ³
72 5147 336 5240 Etcougruunt
349 5147 395 5215 ad
411 5142 507 5216 hunc
522 5145 724 5237 trigonum,
751 5141 1065 5226 scilicctTaurum,
1118 5164 1229 5234 quatre
1244 5136 1282 5209 hi
1306 5141 1418 5233 magis
1442 5142 1586 5234 ingenui
1617 5159 1652 5214 ct
1673 5147 1822 5216 benefici
1845 5163 1947 5234 sunt,
1981 5163 2016 5218 et
2039 5162 2112 5218 stu·

3 5269 4 5280 ¹
72 5249 254 5337 Virginem
272 5264 307 5320 et
322 5250 596 5340 Capricornum,
611 5245 1065 5340 regunturquceSaturuo
1117 5243 1210 5314 diosi
1224 5243 1409 5315 doctrinae
1424 5247 1469 5314 de
1490 5247 1647 5319 siderum
1670 5265 1770 5321 motu
1795 5263 1831 5321 et
1853 5251 2111 5334 effectionibus,

75 5367 107 5424 et
125 5355 269 5426 Venere
296 5353 463 5422 orirrrncli
489 5351 619 5444 positu
681 5349 745 5420 llis
775 5349 884 5440 igituir
913 5362 1065 5417 natiuae
1118 5360 1153 5417 et
1175 5373 1263 5439 prae
1287 5351 1434 5419 muteris
1458 5352 1622 5440 gentibus
1645 5355 1768 5424 colunt
1793 5353 1925 5427 Solem.
1977 5354 2111 5424 Arabia

3 5459 4 5512 ff
74 5451 197 5529 barum
220 5457 385 5550 gentium
409 5467 623 5546 congruunt.
673 5451 817 5538 'Colunt
836 5453 934 5522 xenim
949 5450 1065 5521 Veue-
1116 5450 1200 5519 felix
1229 5453 1343 5544 magis
1371 5453 1580 5526 attribuitur
1607 5456 1801 5548 Sagittario
1825 5471 1859 5530 ct
1879 5456 1973 5528 lovi:
2015 5459 2113 5528 uncle
