4700 5808
79 247 110 320 tt
206 229 343 314 lssavll.
386 237 786 316 murmuratio
810 237 983 314 OPfflS
1006 237 1395 336 Quauaffaaatrt
1419 239 1704 314 P'l'OLEMAEI
1734 240 1824 316 ΜΒ.
1845 241 1904 316 111.
2024 247 2078 326 υ

151 411 184 482 si
198 423 312 482 autern
326 424 468 504 ternpus
483 411 572 482 illud
586 411 791 502 ignoretur,
815 425 856 484 ut
870 411 1028 504 plerum·
1079 411 1169 496 sint,
1214 437 1305 506 qnae
1330 412 1514 484 naturales
1536 435 1658 485 causas
1681 409 1829 488 habeut.
1889 417 2075 490 Conducet

78 516 189 610 quatit,
210 513 349 584 initium
366 515 434 586 crit
450 538 608 605 egressus
632 539 677 584 er
701 527 816 584 utero.
874 515 967 584 Nam
993 525 1029 584 et
1078 527 1198 586 autem
1213 527 1249 584 et
1263 528 1403 608 tempus
1419 527 1609 606 conceptus
1630 540 1864 608 cognoscere,
1891 524 1937 592 ad
1959 520 2074 615 quali-

75 615 124 686 hoc
142 628 266 708 tempus
289 615 520 706 ,potissimum
551 628 622 699 est,
659 629 694 684 et
717 613 784 686 lrac
806 627 946 685 tantum
970 638 1027 684 ra·
1077 629 1167 688 tates
1185 617 1479 710 temperamenti,
1505 641 1547 686 ex
1562 618 1849 710 consideratione
1868 635 2073 717 conceptus,

76 721 145 788 tione
164 717 204 786 ab
224 717 334 786 altero
353 718 457 787 initio
479 719 617 800 differt,
652 721 749 812 quod
774 717 1026 786 animadverso
1078 719 1108 789 si
1124 743 1230 814 quem
1247 719 1424 790 curiosior
1440 719 1611 790 scrutatio
1627 720 1789 794 delectat.

77 831 227 908 conceptu,
253 820 413 910 praedici
431 831 581 911 possunt
597 842 657 903 ea,
690 845 783 914 quae
809 819 1029 911 praecedunt

77 945 213 1014 egressum
242 945 284 990 ex
313 933 430 992 utero.
496 923 548 992 Ac
579 935 769 1013 conceptus
796 922 940 1015 quidem
973 919 1026 987 in·

76 1021 180 1093 choatio
197 1046 266 1092 esse
284 1023 403 1116 aliqua
419 1036 556 1117 potest;
589 1025 650 1094 sed
674 1049 832 1116 egressus
857 1048 900 1093 ex
922 1035 1025 1092 utero
1180 1017 1269 1090 Cum
1303 1033 1423 1091 autem
1453 1045 1558 1114 saepe
1597 1023 1780 1094 dubitetur
1811 1027 1855 1096 de
1887 1029 2005 1122 prima
2037 1042 2073 1101 et

76 1139 108 1195 cst
119 1123 297 1215 principale
313 1125 499 1194 exordium
513 1127 625 1208 vitae,
647 1139 808 1218 tempore
832 1125 1026 1217 posterius;
1078 1120 1269 1216 praecipua
1285 1137 1409 1213 parte,
1435 1124 1600 1193 videlicet
1615 1127 1658 1194 de
1673 1120 1785 1211 hora,
1805 1153 1875 1222 qua
1892 1133 2007 1202 foetus
2030 1157 2072 1204 ex

75 1225 195 1318 potentia
210 1250 317 1310 vero,
344 1228 492 1321 aequale
509 1241 548 1296 et·
564 1228 814 1318 praestantius.
873 1225 921 1296 Et
941 1250 1026 1317 pro·
1078 1236 1359 1316 utero1egressus
1376 1237 1427 1295 est
1445 1223 1546 1318 (nam
1563 1227 1673 1298 solius
1692 1230 1879 1301 astrolabii
1899 1233 2072 1328 inspectio

74 1329 226 1418 pemodum
257 1342 448 1420 conceptos
472 1329 543 1400 dici
567 1343 686 1421 posset
708 1331 854 1401 seminis
878 1351 1026 1420 genera-
1077 1338 1195 1418 potest
1210 1327 1390 1396 minutum
1406 1323 1519 1397 horae
1543 1331 1769 1430 ostendere),
1802 1335 1940 1429 reliqua
1965 1333 2073 1408 hora-

75 1431 119 1505 tio;
140 1453 289 1519 egressus
304 1445 422 1500 autem
440 1456 482 1501 ex
496 1444 621 1515 utero,
653 1432 835 1523 generatio
854 1427 1025 1500 hominis.
1077 1453 1157 1498 rum
1182 1429 1438 1522 signandarum
1471 1429 1729 1516 instrumenta,
1766 1437 1896 1528 quibus
1924 1437 2073 1532 plurimi

74 1530 152 1599 llulta
172 1531 264 1599 enim
290 1545 375 1601 tunc
398 1534 512 1604 foetus
536 1534 762 1625 adipiscitur,
804 1557 896 1628 quae
919 1545 1024 1601 autea
1076 1541 1248 1616 utuntur,
1272 1553 1377 1622 saepe
1394 1531 1534 1602 fallunt.
1584 1533 1677 1606 Nam
1695 1535 1833 1606 Solaria
1849 1554 1989 1627 errant,
2015 1543 2073 1612 vel

75 1633 174 1700 inalvo
198 1637 359 1703 nondum
384 1636 418 1704 ei
440 1639 610 1718 aderant,
642 1661 683 1705 ae
706 1637 854 1728 propria
878 1634 1022 1729 quidem
1077 1633 1160 1726 quia
1177 1657 1252 1702 non
1269 1647 1351 1704 sunt
1368 1633 1436 1702 rite
1452 1633 1588 1726 posita,
1615 1637 1671 1704 vel
1684 1637 1767 1730 qnia
1783 1663 1980 1729 gnomones
1995 1671 2071 1716 non

73 1729 207 1804 lomauae
221 1749 393 1820 naturae,
418 1751 460 1807 ut
473 1761 640 1808 sensuum
662 1740 819 1808 actiones
841 1750 876 1806 et
897 1760 1024 1828 corpo·
1076 1748 1170 1804 recte
1188 1737 1233 1805 ad
1249 1736 1484 1805 meridianam
1503 1735 1636 1806 lineam
1653 1742 1845 1832 quadrant.
1895 1747 2070 1842 Aquatica

72 1837 227 1907 demotus.
1077 1861 1163 1926 vero
1179 1861 1254 1906 non
1276 1851 1441 1908 constant
1461 1838 1547 1924 sibi,
1581 1853 1731 1932 propter
1752 1843 1939 1918 dissimiles
1962 1874 2072 1944 aqua-

140 1935 208 2008 Etsi
221 1950 341 2008 autem
358 1939 496 2030 positus
513 1941 604 2010 coeli
618 1941 657 2009 in
676 1951 784 2031 partu
806 1965 881 2012 non
905 1941 1026 2011 videa·
1076 1962 1158 2010 rum
1181 1953 1346 2036 naturas2
1398 1939 1525 2034 anue
1547 1941 1799 2017 dissimilitudo
1825 1950 1943 2021 varias
1964 1947 2073 2021 habet

72 2039 259 2130 tuprimum
281 2043 434 2112 condere
449 2057 635 2112 naturam:
660 2056 780 2111 tamen
796 2045 962 2115 conducit
978 2045 1025 2112 ad
1076 2065 1210 2112 causas.
1261 2038 1445 2113 Interdum
1463 2043 1569 2112 etiam
1587 2069 1670 2116 casu
1693 2042 1905 2122 cohibentur
1929 2065 1963 2123 et
1986 2054 2072 2126 resi·
2174 2141 2177 2147 ¹

71 2135 129 2222 loc,
151 2155 186 2210 ut
199 2145 316 2214 loetus
331 2158 433 2214 exeat
448 2145 486 2214 in
508 2146 645 2228 lucem,
677 2157 869 2240 postquam
896 2169 1026 2216 couve—
1075 2157 1185 2215 stunt.
1237 2143 1386 2217 Necesse
1402 2158 1455 2215 est
1469 2144 1579 2237 igitur
1594 2149 1689 2217 tradi
1704 2152 1903 2240 rationem,
1929 2181 1999 2251 qua
2017 2157 2074 2226 in-

73 2243 155 2311 aiente
168 2246 252 2314 coeli
269 2247 410 2318 actione
428 2248 614 2318 maturuit.
812 2290 815 2300 ,
1077 2245 1193 2316 veniri
1209 2247 1336 2316 debeat
1351 2249 1483 2340 gradus
1498 2251 1689 2322 ascendens
1699 2253 1859 2342 zodiaci,
1875 2261 2071 2330 secundum

139 2346 265 2416 Natura
287 2351 402 2434 enim,
428 2362 619 2444 postquam
635 2350 751 2418 foetus
768 2349 944 2442 perlectus
960 2361 1024 2433 est,
1058 2345 1260 2444 ‘physicam
1279 2362 1314 2419 et
1330 2364 1606 2420 consentaneam
1623 2355 1815 2429 rationem.

71 2461 155 2516 novet
174 2473 275 2534 eram,
309 2463 663 2536 utexeotexutero,
695 2451 760 2520 tali
781 2453 900 2542 positu
921 2453 1024 2536 coeli,
1177 2451 1298 2520 Posita
1335 2453 1444 2542 igitur
1474 2449 1564 2521 hora
1594 2458 1781 2542 natalicia,
1830 2463 1976 2531 inventa
2006 2486 2072 2554 per

71 2549 112 2638 qui
125 2555 307 2642 respondet
328 2553 380 2621 illi
404 2555 670 2637 constitutioni,
713 2575 805 2645 quae
830 2554 898 2623 luit
918 2554 1024 2622 initio
1076 2553 1321 2637 ascensiones,
1348 2555 1502 2644 adiunge
1524 2555 1815 2630 coniunctionem
1841 2577 1902 2633 aut
1926 2565 2072 2657 opposi-

72 2659 228 2743 coaceptus.
282 2651 406 2748 Itaque
423 2657 511 2726 coeli
528 2655 720 2748 positusin
737 2668 864 2746 partu,
892 2657 1023 2726 merito
1076 2655 1211 2726 tionem
1244 2655 1407 2746 proxime
1440 2658 1724 2747 praecedentem.
1801 2663 1848 2734 Et
1883 2667 2072 2758 diligenter
2170 2661 2172 2670 ¹

73 2753 289 2827 nistimabitur
313 2758 398 2828 talia
420 2759 635 2849 significare:
680 2781 756 2828 non
787 2759 869 2852 quia
896 2759 1025 2828 efficiat
1076 2781 1209 2852 quaere
1225 2758 1376 2848 gradum
1394 2783 1457 2830 seu
1472 2758 1753 2848 coniunctionis,
1779 2790 1841 2838 seu
1864 2767 1903 2838 in
1927 2770 2072 2864 opposi-

71 2855 143 2924 talem
156 2872 342 2943 naturam,
368 2861 429 2932 sed
444 2861 529 2954 quia
550 2860 757 2932 necessitate
779 2864 935 2956 quadam
960 2884 1024 2934 na·
1076 2860 1173 2930 tione
1189 2861 1265 2931 eius
1280 2861 1445 2946 luminis,
1472 2863 1571 2955 quod
1594 2888 1702 2958 supra
1726 2880 1859 2940 terram
1885 2885 1955 2957 est,
1990 2898 2071 2944 cum

71 2958 337 3054 turalicongruit‚
364 2963 565 3036 etsimllem
580 2964 654 3032 vim
675 2959 794 3034 habet.
1075 2963 1195 3032 editur
1215 2977 1351 3054 partus.
1410 2963 1550 3034 Deinde
1570 2966 1787 3056 videndum,
1821 2975 1901 3068 quis
1925 2976 2071 3067 planeta

139 3061 219 3132 Cum
236 3065 349 3156 igitur
363 3066 579 3136 instituerim
596 3080 631 3135 et
652 3062 752 3135 hanc¹
766 3079 906 3157 partem
927 3091 1024 3137 com·
1074 3066 1121 3136 sit
1143 3067 1350 3137 dominator
1371 3067 1466 3138 illius
1490 3069 1639 3158 gradus,
1672 3072 1769 3142 iuxta
1796 3099 1855 3146 eas
1879 3101 2073 3170 praeroga-

69 3164 163 3248 pcodio
191 3167 396 3253 absolvere,
437 3169 539 3252 ‚iuxta
570 3193 652 3238 eum
682 3167 870 3252 ordinem,
915 3193 1022 3262 quem
1074 3169 1185 3252 tivas,
1225 3193 1314 3263 quas
1344 3190 1452 3260 supra
1481 3176 1861 3247 commemoravimus:
1907 3179 2074 3249 videlicet

71 3253 197 3339 hactenus
212 3283 470 3356 secutussum,
499 3285 673 3368 quantum
691 3271 889 3364 praedictio
911 3273 1023 3364 possi-
1074 3272 1280 3362 trigonum,
1313 3271 1481 3353 domum,
1514 3273 1787 3362 exaltationem,
1822 3281 1930 3363 fines,
1956 3283 2073 3373 fulgo·

71 3361 124 3436 bilis
135 3384 194 3454 est,
218 3374 479 3446 declinabimus
495 3387 650 3444 veterem
668 3376 837 3458 modum,
866 3375 1022 3468 quistel-
1074 3398 1150 3442 rem
1175 3385 1238 3441 aut
1260 3374 1601 3465 configurationem,
1634 3374 1704 3447 hoc
1726 3394 1796 3464 est,
1822 3385 1968 3474 quando
1991 3407 2072 3475 gra·

70 3463 151 3540 hrum
164 3475 334 3568 mixturas
350 3479 480 3561 tradit,
511 3503 591 3548 cum
615 3502 656 3548 ea
678 3477 771 3546 ratio
796 3479 1023 3563 confusanea,
1075 3477 1141 3546 dus
1168 3477 1369 3546 ille·unam
1401 3489 1465 3547 aut
1492 3479 1611 3570 plures
1648 3484 1917 3575 praerogativas
1951 3483 2073 3572 habet,

72 3581 93 3634 et
102 3582 341 3667 propemodum
358 3581 496 3649 infinita
514 3581 578 3664 sit,
604 3581 633 3650 si
659 3580 739 3673 quis
761 3580 917 3670 singutas
941 3604 1024 3650 exa·
1074 3589 1226 3672 propter
1242 3602 1331 3672 quas
1346 3579 1379 3648 ei
1393 3581 1641 3654 attribuendus
1654 3585 1700 3656 sit
1715 3587 1935 3660 dominator.
1979 3589 2070 3660 Cum

71 3671 163 3758 uiuet,
185 3694 219 3750 et
236 3681 354 3773 magis
367 3685 411 3752 ad
438 3684 659 3753 coniecturas
682 3683 917 3773 singularium
942 3707 1024 3774 per·
1074 3682 1184 3772 igitur
1215 3681 1399 3773 planetam
1433 3684 1589 3778 aliquem
1621 3690 1821 3779 reperimus
1854 3692 2071 3764 familiarem

36 3775 38 3788 '
72 3771 165 3861 fincat,
188 3807 294 3876 qnam
315 3787 361 3854 ad
377 3799 564 3877 praecepta
580 3787 809 3857 universalia.
852 3785 947 3855 Cum
958 3811 1024 3879 agr
1074 3785 1127 3853 illi
1144 3783 1291 3875 gradui,
1316 3800 1467 3879 propter
1486 3812 1595 3856 uuam
1622 3803 1684 3859 aut
1706 3793 1826 3882 plures
1850 3794 2072 3884 praerogati-

71 3885 109 3942 tor
124 3881 172 3948 illa
194 3885 381 3979 inquisitio
410 3913 525 3978 paene
553 3887 692 3957 infinita
721 3890 765 3958 sit
798 3903 833 3957 et
855 3889 1023 3974 difficilis,
1075 3911 1153 3958 vas:
1181 3887 1376 3958 videndum
1394 3902 1447 3960 est
1462 3891 1603 3974 deinde,
1627 3917 1732 3984 quem
1750 3896 1899 3984 gradum
1915 3896 2072 3965 tenuerit

50 3981 225 4056 'omittenda
243 3990 325 4058 erit.
374 3991 442 4060 Sed
459 3992 599 4060 tradam
620 4003 808 4082 praccepta
830 3993 1022 4082 generalia,
1074 3992 1218 4082 planeta
1250 4003 1374 4081 partus
1403 4005 1582 4085 tempore;
1624 4006 1659 4061 et
1682 4007 1812 4088 quotus
1836 3998 1967 4087 gradus
1991 3997 2071 4082 erit,

72 4101 99 4146 ΕΙ
124 4088 235 4177 quibus
271 4092 498 4162 coniecturae
531 4097 576 4163 de
609 4093 757 4184 singulis
790 4097 884 4163 sumi
921 4110 1023 4187 pote·
1075 4091 1312 4165 iudicabimus
1329 4117 1452 4184 parem
1471 4096 1621 4184 gradum
1641 4095 1679 4163 in
1697 4109 1824 4169 exortu
1848 4100 2071 4170 ascendentis

72 4197 142 4266 mnt;
178 4206 210 4261 et
234 4217 411 4286 exponam
441 4197 633 4267 effectrices
667 4195 855 4290 qualitates
887 4199 1024 4288 praeci·
1075 4194 1167 4288 signi
1185 4196 1386 4267 ascendere.
1438 4196 1502 4265 Sin
1519 4210 1636 4267 autem
1651 4201 1724 4269 duo
1740 4201 1797 4270 vel
1818 4202 1939 4294 plures
1959 4203 2071 4295 parti·

72 4305 148 4372 pras,
175 4309 345 4386 quantum
369 4311 517 4390 potero,
556 4301 842 4368 accommodatas
865 4303 911 4369 ad
933 4297 1024 4394 phy·
1076 4299 1171 4390 cipes
1184 4297 1257 4368 sint
1272 4299 1550 4384 dominationis,
1580 4301 1641 4370 ille
1656 4303 1839 4395 eligendus
1857 4304 1944 4390 erit,
1971 4307 2070 4378 cuius

72 4383 148 4460 sirau
169 4399 356 4471 rationem.
421 4401 470 4470 Et
495 4401 584 4470 coeli
606 4402 746 4484 locum,
787 4403 886 4472 iuxta
915 4429 1022 4496 quem
1075 4403 1205 4492 gradus
1221 4412 1383 4493 tempore
1398 4416 1522 4494 paruas
1538 4406 1687 4496 propius
1713 4407 1899 4478 accesserit
1922 4409 1967 4481 ad
1991 4431 2071 4499 gra-

73 4479 186 4564 lamani
200 4515 346 4573 eventus
369 4505 660 4588 considerautur,
693 4516 867 4596 tanquam
889 4519 1022 4575 metam
1076 4507 1160 4576 dum
1179 4503 1272 4594 signi
1284 4508 1524 4589 ascendentis,
1548 4509 1596 4576 ad
1614 4503 1719 4579 huius
1735 4508 1899 4600 planetae
1918 4512 2068 4600 gradum
2131 4543 2133 4548 a

72 4611 244 4688 troporum,
261 4607 309 4674 ad
324 4631 433 4700 qnam
452 4607 652 4697 dirigantur
667 4606 856 4700 qualitates
872 4609 1024 4678 effectri·
1075 4608 1268 4680 eucersdeus
1284 4610 1571 4692 constituendum
1593 4611 1671 4679 erit.
1843 4681 1846 4689 ,
2024 4668 2027 4677 .

74 4713 126 4776 ⁶²⁸.
154 4723 187 4770 ac
206 4709 395 4800 praecipue
417 4710 516 4780 iusta
543 4709 793 4800 cognationem
816 4733 1024 4802 corporum,
1178 4709 1216 4780 si
1234 4711 1405 4780 verodoo
1423 4724 1487 4780 aut
1503 4711 1624 4802 phares
1646 4714 1811 4804 planetae
1835 4712 1874 4780 in
1894 4706 1962 4780 hac
1984 4735 2069 4804 prae

1356 890 1410 957 Dc
1430 889 1543 978 gradu
1568 891 1790 960 ascendentis.

74 4796 144 4866 vetut
154 4809 304 4896 sagittae.
1075 4811 1276 4905 pinquitate
1292 4835 1396 4903 pares
1415 4827 1539 4896 eruut,
1572 4813 1743 4904 eligemus
1766 4838 1866 4896 eram,
1900 4813 1963 4906 qui
1985 4837 2070 4908 pror

150 4904 323 4980 Caeterum
340 4913 674 5007 quidiudicaudum
695 4913 763 4996 sit,
787 4939 866 4984 cum
894 4917 1023 4986 multa·
1075 4927 1155 5006 pter·
1168 4914 1330 4985 cardines
1345 4927 1380 4984 et
1396 4916 1639 4986 conditionem
1652 4915 1866 4985 familiarior
1880 4928 1933 4986 cst
1947 4941 2069 4998 asceuf

75 5015 137 5064 Νη]
148 5011 312 5084 ttellarum
330 5017 454 5086 lumen
468 5016 653 5099 rotaretur,
680 5016 922 5110 relinquemus
938 5043 1022 5110 pru·
1075 5017 1185 5087 clenti.
1239 5015 1328 5086 Cum
1349 5030 1468 5086 autem
1490 5019 1632 5107 longius
1655 5018 1790 5088 distant
1810 5021 1941 5110 gradus
1962 5013 2069 5118 huius¹

75 5095 181 5178 lsssslt'sc
193 5116 350 5202 artificis,
376 5131 549 5212 tauquam
562 5117 670 5210 periti
684 5119 872 5210 sagittarii.
1074 5119 1312 5190 dominatoris
1328 5121 1372 5189 ah
1389 5116 1612 5211 horoscopo,
1645 5145 1754 5215 quam
1780 5145 1799 5190 a
1822 5122 1942 5192 nsedio
1966 5119 2069 5206 coeti,

90 5298 97 5313 .
149 5209 297 5288 Primum
314 5233 433 5292 autem
450 5224 495 5292 de
507 5221 788 5302 universalibus,
823 5246 915 5316 quae
937 5245 1023 5292 con·
1074 5235 1217 5294 utemur
1247 5247 1289 5292 eo
1320 5246 1472 5292 numero
1501 5225 1544 5292 ad
1581 5225 1868 5296 constituendum
1909 5225 2067 5301 medium

78 5303 225 5417 “luenda
244 5335 327 5390 sunt
345 5325 533 5415 inportu,
572 5323 690 5394 dicam
713 5324 940 5397 convenienti
964 5348 1021 5394 or·
1074 5326 1175 5396 coeli.
1227 5325 1305 5396 Hoc
1329 5325 1544 5409 constituto,
1581 5339 1616 5402 et
1634 5329 1792 5422 reliquos
1808 5327 1969 5398 cardines
1990 5351 2069 5396 mu·

79 5401 154 5494 ‘lues
173 5423 400 5517 eranquidam
416 5450 461 5502 ex
471 5439 581 5518 partu
604 5427 771 5518 cognosci
793 5427 915 5498 omnia
939 5451 1021 5520 pos·
1073 5427 1238 5497 tabimus.
