4700 5808
1785 155 1786 162 ’
2326 142 2327 200 l

219 212 279 288 Μ’
761 305 763 312 Ι
817 211 941 286 l’lllla.
967 211 1081 286 MEL.
1108 209 1312 288 suumn
1336 211 1675 288 PllllsolsOGlGd.
2202 212 2254 288 92
2326 201 2327 226 ¹

216 387 326 458 tentia
354 385 554 480 praeditos,
585 397 836 478 sumptuosos,
868 384 1080 468 muliebres,
1098 405 1211 486 lama·
1264 383 1327 456 ciis
1341 385 1520 470 fruentes,
1543 385 1678 470 lsetos,
1701 384 1859 470 iocosos,
1884 383 2060 468 incantos,
2085 381 2258 468 musicos,

217 489 350 572 torius,
381 488 532 570 salaces,
566 511 701 580 pronos
724 487 770 557 ad
790 485 998 572 libidinem,
1030 480 1212 571 moechos,
1261 487 1470 571 saltatores,
1510 487 1725 572 amatorios,
1766 499 1927 558 amantes
1946 487 2164 572 liberorum,
2198 483 2259 558 hi·
2327 479 2328 486 ἵ

218 603 386 662 ornatum
401 601 638 674 ostentantes,
664 591 812 674 molles,
838 589 1009 684 ignavos,
1033 587 1212 682 profusio-
1261 588 1434 674 striones,
1458 591 1617 662 fruentes
1631 590 1894 682 voluptatibus,
1918 589 2088 660 iacientes
2103 613 2260 681 magnos

215 718 303 766 num
326 706 505 777 amantes,
536 693 833 776 subsannatores,
858 693 996 786 fatuos,
1020 686 1211 763 vehemen-
1262 703 1476 783 apparatus,
1507 693 1658 774 salacem
1691 716 1826 784 pronos
1847 691 1992 786 quidem
2016 694 2062 761 ad
2076 691 2261 775 libidines,
2328 692 2330 840 4

217 809 281 882 tes,
306 806 488 887 comptos,
515 795 704 866 muliebria
723 793 871 866 consilia
887 793 1125 878 instituentes,
1151 818 1209 864 su·
1261 795 1323 862 sed
1345 805 1467 864 tamen
1491 819 1702 888 prosperos,
1739 808 1775 864 et
1792 795 1861 865 sibi
1887 805 2071 879 caventes,
2103 794 2262 865 circnm-

216 895 458 992 perstitiosos3
509 897 677 982 lenones,
724 899 955 970 observantes
996 918 1209 966 arcanarum
1260 908 1419 987 spectos,
1461 919 1538 967 non
1563 897 1846 993 committentes,
1878 909 1918 968 ut
1939 893 2261 988 deprehendantur
2330 876 2331 956 l

215 1000 546 1084 caeremoniarum,
571 999 713 1084 fideles,
739 1011 775 1070 et
788 1023 865 1070 nou
879 999 1034 1070 nocendi
1048 998 1210 1091 cupidos,
1262 1021 1303 1067 ac
1322 1009 1514 1085 notentur,
1552 1001 1759 1092 adpetentes
1788 999 1958 1070 iuvenilia
1986 1023 2150 1092 corpora
2168 1001 2262 1068 ado-
2331 1058 2332 1092 ,

215 1101 380 1188 festivos,
404 1103 544 1186 faciles,
569 1098 719 1190 hilares,
748 1103 845 1172 etad
863 1101 1024 1193 praemia
1050 1100 1210 1172 cumula·
1261 1102 1454 1172 lescentum
1474 1115 1510 1172 et
1529 1103 1750 1196 puellarum,
1776 1115 2025 1193 sumptuosos,
2051 1103 2261 1186 iracundos,

216 1205 286 1278 tius
302 1207 420 1276 danda
441 1205 618 1278 liberales.

494 1375 625 1462 iupiter
649 1395 724 1443 cum
747 1372 937 1444 Mercurio.

318 1468 560 1578 familiaritas
573 1501 667 1575 lovis
683 1528 764 1574 cum
780 1503 964 1574 Mercurio
980 1502 1019 1572 in
1033 1500 1121 1573 locis
1134 1501 1210 1570 lau·

214 1613 326 1695 datis,
360 1607 445 1678 lacit
463 1619 624 1677 amantes
644 1607 868 1690 litterarum,
892 1607 1087 1688 facundos,
1112 1602 1211 1673 dedi-

215 1729 271 1786 tos
293 1709 530 1805 geometriae,
562 1707 777 1800 disciplinis,
819 1707 1001 1800 poeticae,
1042 1707 1212 1800 eloquen-

108 1853 111 1859 ·
216 1818 307 1900 tiae,
340 1812 564 1906 ingeniosos,
598 1811 799 1894 modestos,
831 1804 1028 1894 humanos,
1060 1804 1211 1880 honesta

217 1917 365 1991 consilia
389 1926 620 2012 quaerentes,
646 1913 832 2006 politicos,
860 1914 1057 1996 beneficos,
1092 1911 1210 1981 aliena

216 2021 361 2115 negotia
380 2017 689 2100 administrantes,
715 2037 852 2100 comes,
877 2015 1061 2098 liberales,
1088 2037 1212 2082 amau-

217 2139 269 2196 tes
291 2136 479 2205 coetuum,
513 2119 638 2190 callide
661 2119 891 2190 observantes
914 2119 1022 2202 alios,
1054 2140 1131 2187 non
1147 2110 1212 2185 ha·

215 2229 339 2298 beutes
375 2224 497 2296 irritos
528 2223 710 2315 impetus,
760 2220 909 2292 idoneos
948 2217 1212 2314 gubemationi,

216 2329 317 2423 pios,
344 2327 522 2398 studiosos
545 2348 665 2394 rerum
681 2323 908 2406 divinarum,
933 2322 1123 2415 pecuniam
1146 2321 1212 2390 bo-

216 2433 274 2504 uis
288 2430 425 2504 artibus
444 2440 633 2520 augentes,
667 2449 751 2516 erga
775 2437 947 2516 cognatos
968 2423 1125 2496 naturali
1151 2425 1212 2492 be-

217 2532 423 2604 nevolentia
443 2530 646 2624 praeditos,
674 2541 835 2598 amantes
859 2552 1030 2610 suorum,
1063 2526 1212 2597 idoneos

153 2652 164 2672 ²
217 2635 445 2728 disciplinae,
484 2625 740 2726 philosophos,
776 2629 987 2720 dignitatem
1013 2629 1137 2721 magni
1160 2629 1213 2698 ia·

218 2740 362 2810 cientes.

319 2833 529 2908 Atintanis
553 2833 763 2917 contrariis,
792 2831 961 2916 stolidos,
992 2829 1214 2904 hallucinan-

220 2957 292 3025 tes,
319 2943 547 3018 aberrantes,
573 2939 777 3028 despectos,
811 2935 1004 3019 attonitos,
1027 2935 1214 3018 fanaticos,

220 3056 431 3135 nugatores,
471 3039 619 3124 lividos,
661 3050 871 3129 arrogantes
898 3038 965 3110 sibi
988 3037 1214 3131 sapientiam,

220 3149 553 3238 incircumspectos,
591 3142 848 3226 iactabundus,
878 3141 1020 3212 ,artium
1047 3140 1213 3212 exercitia

221 3263 425 3332 tentantes,
473 3269 624 3338 magos,
667 3245 913 3337 trepidantes,
954 3231 1214 3328 leusternatos,

222 3355 335 3423 multa
360 3350 602 3445 inquirentes,
635 3371 834 3431 raemores,
868 3345 1040 3416 doctrinis
1063 3346 1215 3430 deditos,

222 3457 263 3525 in
276 3452 519 3546 voluptatibus
536 3449 748 3520 munditiem
769 3462 942 3520 amantes.

664 3623 781 3694 Mors.

326 3763 425 3834 Mars
439 3785 520 3832 curn
543 3757 639 3830 solus
658 3759 867 3829 dominatur
889 3759 1048 3830 moribus
1069 3761 1107 3828 in
1130 3761 1217 3832 locis

225 3867 396 3950 laudatis,
425 3863 510 3935 facit
535 3885 747 3953 generosos,
779 3861 1031 3953 gubernationi
1056 3862 1216 3948 idoneos,

224 3973 435 4054 iracundos,
481 3965 625 4037 divitias
658 3975 886 4058 appetentes,
932 3979 1118 4049 vorantes,
1158 3991 1217 4036 ro·

223 4077 368 4155 bustos,
394 4070 563 4164 periculis
575 4091 613 4141 se
627 4068 846 4152 obiicientm,
873 4069 1030 4161 pericula
1046 4094 1216 4161 spernen-

100 4213 103 4220 ,
223 4191 289 4260 tes,
315 4197 390 4244 non
404 4173 580 4266 patientes
594 4173 786 4256 servitutis,
811 4172 1028 4264 negligentes
1043 4173 1111 4255 sui,
1137 4197 1217 4266 per-

224 4279 382 4361 vicaces,
428 4268 673 4356 vehementes,
718 4297 902 4356 morosos,
940 4285 1216 4366 contemptores,

225 4378 452 4476 tyrannicos,
481 4399 591 4446 mauu
614 4387 821 4467 promptos,
856 4376 1068 4460 iracundos,
1090 4381 1217 4469 guber-

224 4498 382 4556 natores.

325 4590 374 4659 At
396 4585 436 4654 in
461 4583 550 4654 locis
573 4579 784 4664 contrariis,
829 4581 1010 4668 crudeles,
1054 4579 1218 4668 iniustos,

224 4689 407 4782 sanguinis
430 4687 575 4768 avidos,
600 4682 844 4766 turbulentos,
868 4696 1116 4775 sumptuosos,
1148 4685 1219 4754 cla-

181 4791 186 4804 '
224 4806 382 4864 matores
412 4813 659 4885 percussores,
691 4785 922 4878 praecipites,
948 4786 1128 4870 ebriosos,
1161 4811 1219 4856 ra-

226 4910 366 4989 ptores,
398 4896 641 4978 facinorosos,
681 4889 921 4976 truculentos,
962 4902 1060 4960 mota
1087 4903 1218 4976 mente,

225 4998 399 5080 furiosos,
426 4998 498 5069 suis
514 4996 698 5080 inimicos,
723 4992 867 5085 im'pios.
1122 4987 1125 4994 ’

536 5170 640 5238 Mars
662 5190 738 5236 cum
767 5167 904 5235 Venere.

326 5302 356 5372 F
358 5301 569 5372 amiliaritas
586 5325 666 5371 cum
679 5301 819 5370 Venere
836 5299 875 5368 in
890 5297 1045 5370 laudatis
1060 5297 1147 5368 locis
1168 5298 1220 5365 fa·

225 5408 274 5478 cit
293 5404 446 5490 hilares,
476 5403 615 5488 faciles,
647 5401 896 5477 sodalitiomm
919 5415 1099 5485 amantes,
1133 5399 1221 5470 deli-

1262 1203 1457 1296 zelotypos.

1363 1321 1412 1392 At
1434 1323 1474 1392 in
1496 1321 1584 1394 locis
1609 1320 1788 1406 distortis,
1820 1322 2153 1415 circumspectantes
2175 1323 2262 1393 libi-

1261 1423 1406 1508 dinose,
1433 1425 1577 1509 molles,
1599 1427 1761 1496 ferrenter
1775 1437 1918 1496 ruentes
1932 1425 1971 1494 in
1982 1424 2168 1516 libidines,
2194 1449 2262 1496 ne·

1262 1524 1432 1618 gligentes
1454 1528 1528 1611 sui,
1556 1527 1770 1611 maledicos,
1803 1525 1991 1612 moechos,
2021 1527 2261 1598 contumelio-

1261 1652 1339 1713 sos,
1365 1631 1573 1714 mendaces,
1602 1630 1882 1715 fraudulentos„
1896 1643 2020 1722 stupra
2036 1630 2158 1704 suiset
2172 1631 2262 1702 alie-
2333 1707 2335 1718 ,

1262 1730 1318 1802 nis
1334 1731 1542 1816 offerentes,
1568 1757 1704 1825 pronos
1721 1745 1756 1804 et
1770 1730 1997 1804 vehementes
2022 1736 2065 1804 ad
2091 1734 2262 1826 volupta-

1262 1845 1334 1917 tes,
1359 1847 1589 1927 corruptores
1610 1837 1801 1907 mulierum
1826 1850 1862 1907 et
1883 1836 2085 1928 virginum,
2121 1848 2263 1906 temere

1261 1960 1299 2006 se
1317 1935 1357 2005 in
1382 1938 1539 2030 pericula
1562 1938 1810 2022 coniicientes,
1843 1939 2052 2031 flagrantes,
2079 1938 2264 2010 indecoris

1262 2038 1417 2130 gestibus
1433 2042 1657 2124 monstrosis,
1671 2041 1928 2125 insidiatores,
1952 2043 2128 2134 periuros,
2153 2041 2263 2110 facile

1263 2141 1519 2234 impingentes,
1544 2143 1690 2228 stultos,
1715 2157 1877 2217 amantes
1902 2157 2071 2228 omatus,
2109 2145 2261 2228 feroces,

1263 2245 1381 2337 turpia
1399 2245 1614 2336 paciscentes
1632 2258 1668 2316 et
1689 2246 1901 2339 impudicos.
1964 2235 1969 2244 ’

1553 2452 1660 2522 Mars
1679 2475 1756 2522 eum
1779 2454 1968 2524 umora.

1310 2651 1318 2664 ‚
1365 2581 1607 2655 Familiaritas
1621 2609 1701 2656 cum
1718 2585 1899 2656 Mercurio
1923 2587 1961 2654 in
1984 2586 2136 2656 laudatis
2160 2585 2267 2672 locis,

1263 2688 1349 2758 iacit
1364 2686 1512 2759 callidos
1535 2688 1573 2755 in
1597 2689 1839 2780 excogitandis
1854 2689 2137 2780 stratagematis,
2164 2687 2267 2756 timi-

1264 2793 1349 2874 dos,
1374 2789 1570 2874 violentos,
1596 2789 1851 2876 inconstantes,
1877 2789 2267 2884 praemetientesperi-

1266 2895 1365 2974 cula,
1391 2904 1573 2978 versutos,
1599 2917 1756 2984 gnavus,
1781 2889 2013 2986 sophisticos,
2047 2893 2268 2978 laboriosos,

1266 2998 1456 3093 loquaces,
1483 2995 1688 3079 invasores,
1722 2996 1887 3080 dolosos,
1919 2997 2091 3082 mobiles,
2125 2997 2269 3089 captio:

1266 3123 1324 3171 sos
1334 3151 1356 3181 ,.
1371 3097 1475 3168 malis
1493 3097 1650 3169 artificiis
1664 3097 1982 3170 circumvenientes
1996 3099 2106 3184 alios,
2139 3099 2269 3170 celeri-

1266 3215 1321 3272 ter
1336 3201 1558 3272 invenientes
1574 3201 1743 3285 consilia,
1769 3203 1995 3295 deceptores,
2022 3201 2269 3288 simulatores,

1266 3303 1512 3386 insidiatores,
1539 3303 1755 3390 malitiosos,
1780 3303 1958 3392 curiosos,
1992 3305 2153 3390 sedulos,
2185 3329 2270 3374 non

1265 3403 1439 3477 hahentes
1463 3405 1585 3476 irritos
1615 3406 1788 3499 impetus,
1828 3407 1930 3477 facile
1960 3407 2130 3478 similium
2154 3410 2269 3476 bene-

1267 3509 1462 3580 volentiam
1477 3503 1713 3578 conciliantes
1723 3523 1759 3580 et
1778 3523 1928 3594 tuentes,
1956 3509 2109 3581 inimicis
2130 3535 2269 3580 nocen-

1267 3626 1340 3694 tes,
1365 3611 1487 3681 amicis
1503 3611 1775 3684 benefacientes.

1332 3793 1337 3808 ,
1370 3731 1418 3798 At
1440 3729 1477 3798 in
1499 3729 1585 3802 locis
1608 3729 1786 3815 distortis,
1824 3745 2072 3825 sumptuosos,
2120 3756 2268 3816 avaros,

1270 3831 1441 3916 crudeles,
1468 3832 1624 3925 pericula
1643 3845 1776 3904 temere
1792 3836 1976 3920 adeuntes,
1997 3837 2162 3920 audaces,
2182 3859 2269 3904 mu-

1268 3946 1384 4004 tantes
1399 3937 1639 4028 propositum,
1665 3937 1857 4029 perculsos,
1882 3950 2141 4024 consternatos,
2163 3962 2270 4008 men-

1261 4041 1393 4122 daces,
1420 4041 1534 4122 sures,
1560 4037 1711 4132 impios,
1737 4040 1922 4132 periuros,
1948 4043 2145 4126 invasores,
2169 4041 2271 4112 sedi·

1269 4141 1400 4226 tiosos,
1430 4140 1699 4228 incendiarios,
1737 4142 1776 4213 in
1798 4139 1946 4216 theatris
1970 4144 2163 4218 seditiones
2184 4169 2271 4216 mo-

1268 4257 1409 4328 ventes,
1437 4245 1732 4330 contumeliosos,
1757 4245 1935 4334 latrones,
1966 4248 2082 4334 iures,
2111 4243 2271 4318 homici-

1269 4348 1352 4432 das,
1377 4345 1560 4430 falsarios,
1586 4348 1810 4439 proditores,
1843 4349 2152 4445 praestigiatores,
2187 4376 2270 4422 ma-

1269 4475 1353 4542 gos,
1380 4449 1573 4535 veneficos,
1599 4446 1810 4524 homicidas.
1879 4539 1882 4544 Ι

1708 4642 1829 4710 Venus.

1372 4771 1493 4844 Venus
1508 4797 1588 4844 curn
1605 4773 1679 4846 sola
1697 4774 1905 4848 dominatur
1926 4775 1965 4846 in
1988 4778 2075 4850 locis
2097 4776 2275 4863 laudatis,

1268 4874 1535 4959 facitblandos,
1568 4877 1704 4964 bonos,
1737 4879 1946 4952 deliciarum
1972 4893 2154 4967 amantes,
2187 4880 2275 4952 ido-

1270 5001 1360 5049 neos
1386 4982 1432 5048 ad
1457 4979 1679 5050 concilianda
1705 4985 1821 5054 studia
1844 4979 2055 5071 hominum,
2080 4985 2276 5071 facundos,

1271 5081 1460 5152 munditiei
1483 5095 1518 5152 et
1541 5079 1678 5154 choreis
1700 5085 1859 5171 deditos,
1893 5088 2094 5182 zelotypos,
2120 5083 2275 5174 hilares,

1271 5183 1498 5276 impatientes
1522 5185 1709 5272 laborum,
1740 5189 1872 5260 artium
1895 5214 2061 5282 capaces,
2097 5203 2274 5265 venustos

1271 5289 1310 5356 in
1326 5301 1446 5379 gestu,
1472 5288 1675 5380 religiosos,
1701 5293 1798 5363 bono
1814 5289 2136 5388 habitucorporis,
2169 5309 2274 5367 certa

1271 5381 1511 5476 somniairtes‚
1537 5396 1694 5465 naturali
1709 5420 1791 5490 erga
1806 5423 1890 5470 suos
1903 5398 2173 5486 benevolentia,
2205 5401 2273 5471 he-
