4700 5808
83 231 129 302 aa
241 227 382 304 ruvu.
428 225 829 322 remuneratam
853 225 1027 306 ermis
1053 227 1441 323 summatenus
1457 197 1750 304 ’1111111111
1768 183 1872 304 'ua
1893 229 1953 306 11.
2066 229 2115 308 rr
2212 239 2220 253 ·

81 398 296 492 principium
307 401 519 494 Capricorni
534 403 709 478 1111111111.
759 402 809 474 Et
823 403 932 474 distet
947 425 968 472 a
981 400 1093 480 coeli,
1122 403 1233 474 diano
1246 399 1348 477 boris
1360 405 1608 498 inaeqrmlibns
1631 403 1763 489 tribus,
1793 417 1835 476 ut
1859 355 1951 474 coeli
1974 403 2116 474 1111111

7 552 9 575 .
80 503 235 574 culmine
275 504 492 598 principium
532 507 797 590 Geminorum,
848 505 1071 596 temporibus
1124 519 1273 599 occupet
1287 507 1401 578 Tauri
1421 531 1504 599 pars
1521 508 1662 578 decima
1688 521 1827 578 octava.
1887 506 2006 578 Distat
2029 525 2157 576 vero<

7 591 9 674 i
81 605 287 700 aequalibus
307 620 448 678 11111111
473 610 711 702 quadraginta
732 621 890 700 septem,
924 631 1072 698 111111-
1122 609 1241 700 primo
1255 609 1326 682 situ
1340 611 1482 680 initium
1496 609 1732 681 Geminorum
1750 635 1770 678 a
1787 610 1879 679 coeli
1891 608 2055 700 fastigio,
2077 607 2118 680 io

7 703 8 724 ¹
76 707 118 777 lis
146 702 384 802 quadraginta
421 722 513 782 octo.
586 710 770 805 Quosdam
805 711 913 803 igitur
939 708 1071 802 Arietis
1123 713 1375 806 consequentia
1399 713 1620 805 temporibus
1635 713 1918 806 Aequinociialis
1935 709 2118 782 uedecim.

75 809 295 902 principium
311 835 333 882 a
351 812 441 886 coeli
454 837 626 906 supremo
647 813 789 905 lastigie
810 839 871 886 ser
895 809 996 882 horis
1017 811 1072 880 in·
1122 813 1162 886 si
1204 815 1313 906 igitur
1349 839 1473 886 rursus
1517 811 1627 886 horas
1662 828 1736 886 tres
1778 813 2116 907 amplificaverimue

75 912 288 1006 aequalibus
316 913 481 999 dissidet,
521 917 654 987 idcireo
684 914 749 988 has
774 918 804 988 si
833 918 1006 989 ducamus
1032 913 1071 982 in
1122 917 1375 1008 septemdecim
1398 917 1641 1009 temporibus,
1676 931 1757 988 octo
1779 917 1974 1009 scrupulis,
2007 915 2117 988 dista·
2166 950 2169 962 ·
2265 929 2268 938 '

75 1015 318 1106 septendecim
337 1028 499 1108 tempora
517 1019 800 1116 Aequinoctialis
813 1032 849 1090 et
870 1030 951 1088 octo
971 1039 1070 1088 soru-
1122 1019 1176 1088 bit
1192 1021 1347 1092 seeundo
1363 1021 1483 1114 positu
1499 1019 1716 1112 principium
1733 1019 1970 1090 Geminorum
1998 1043 2019 1086 1
2041 1039 2142 1088 me,

75 1117 182 1210 pule,
210 1115 403 1209 (11111111
427 1120 491 1190 uni
515 1116 627 1194 horae
651 1119 833 1216 inaequali
857 1131 1071 1212 congruunt,
1122 1122 1265 1193 ridiano
1281 1123 1320 1193 11
1336 1124 1585 1214 praecedentia
1604 1121 1827 1214 temporibus
1854 1120 2116 1216 qninquaginta

76 1219 265 1290 aestimata
282 1221 355 1292 diei
368 1223 567 1316 quantitate
584 1227 628 1295 ab
643 1225 747 1296 initio
758 1225 1010 1304 Geminorum,
1036 1233 1072 1290 et
1122 1237 1158 1296 et
1178 1249 1274 1310 uno,
1298 1226 1473 1316 scrupulis
1495 1224 1622 1316 viginti
1648 1236 1824 1320 quatum,
1857 1223 1987 1319 quibus
2004 1223 2119 1292 uste

76 1321 232 1392 sumitur
263 1322 430 1396 distantia
461 1326 632 1419 principii
661 1327 897 1398 Geminorum
930 1351 949 1396 a
981 1323 1071 1404 coeli
1124 1327 1360 1412 1111111111,
1400 1327 1592 1398 conficiunt
1624 1327 1805 1417 sexaginta
1842 1339 1997 1421 quatuor
2028 1337 2117 1394 tems

79 1424 251 1520 mimine)
276 1425 503 1500 conficiemus
525 1442 560 1500 et
580 1425 688 1509 buius
708 1428 898 1511 distantiae
928 1439 1070 1502 centum
1121 1454 1232 1524 pora,
1259 1430 1385 1522 viginti
1407 1442 1563 1523 quatuor
1585 1430 1763 1522 scrupula.
1820 1429 2035 1498 Absolverat
2056 1448 2119 1498 au-

78 1539 110 1596 et
125 1529 202 1596 duo
221 1539 406 1619 tempora,
433 1531 599 1624 scrupula
615 1533 850 1626 quadraginta
867 1542 961 1602 octo.
1000 1529 1070 1600 Ex·
1124 1547 1209 1616 tem,
1236 1558 1317 1606 cum
1338 1533 1495 1602 11111111
1507 1532 1607 1602 locus
1623 1543 1851 1633 prorogator,
1877 1530 2116 1624 quadraginta

77 1654 211 1712 cessus,
254 1654 327 1723 quo
358 1630 418 1699 illa
450 1629 751 1726 superantium,
789 1647 993 1727 temporum
1020 1643 1072 1702 est
1123 1637 1482 1730 quinquetempora;
1510 1633 1695 1704 cumcoeli
1713 1635 1853 1705 culmen
1870 1635 1996 1713 adiret,
2013 1629 2118 1724 quin·

77 1731 315 1826 quadraginta
347 1734 525 1828 quinque,
566 1737 695 1830 quibus
724 1735 873 1819 exactis,
920 1757 1071 1829 sequeus
1124 1738 1295 1832 quaginta
1311 1751 1413 1821 octo,
1441 1737 1480 1806 in
1503 1761 1629 1808 occasu
1652 1736 1890 1827 septuaginta.
1940 1735 2037 1824 Ergo
2058 1755 2117 1803 ra-

76 1834 174 1904 locus
191 1834 404 1905 devolvetur
420 1839 465 1922 ad
480 1841 765 1930 praecedentem.
801 1837 876 1910 Tot
888 1861 973 1908 veru
988 1849 1073 1909 suot
1122 1839 1221 1910 tione
1236 1841 1327 1925 loci,
1352 1865 1458 1934 quem
1484 1840 1578 1910 inter
1598 1839 1689 1909 coeli
1712 1839 1873 1910 medium
1895 1849 1931 1906 et
1952 1858 2119 1906 occasum

7 2019 8 2030 χ
80 1937 185 2006 etiam
229 1949 393 2029 tempora
429 1941 676 2014 ascensionum
711 1941 844 2013 Arietis
878 1953 914 2010 et
944 1939 1071 2026 Tauri,
1124 1941 1711 2038 eiassignavimus¹¹⁸),discrepet
1727 1963 1897 2012 numerus
1914 1950 2119 2029 temporum

77 2039 430 2133 posteaquamlocus
446 2057 664 2134 prorogator
681 2039 880 2116 ¹collocatur
901 2043 940 2114 in
962 2039 1072 2112 horo·
1124 2045 1169 2114 ab
1183 2047 1368 2140 utriusque
1385 2047 1543 2116 cardinis
1557 2043 1791 2136 temporibus.
1832 2041 2120 2122 Eatenimsere·
2218 2117 2223 2129 ,

76 2166 199 2233 scopo.
252 2141 424 2212 Similiter
439 2145 609 2216 consistat
626 2146 664 2214 in
684 2147 774 2217 coeli
795 2146 950 2216 culmine
972 2144 1071 2236 prin·
1123 2148 1222 2238 ginta
1238 2161 1396 2244 11111111
1408 2159 1633 2241 temporum,
1676 2146 1908 2217 Differtvero
1923 2145 2119 2216 secundum

80 2244 213 2335 cipium
234 2243 386 2330 Arietis,
426 2259 467 2316 ut
498 2251 691 2320 secundum
722 2249 880 2341 primum
911 2249 1019 2318 situm
1049 2270 1069 2314 a
1123 2252 1301 2322 rationem
1326 2273 1484 2323 excessus
1505 2249 1614 2321 111111
1635 2245 1828 2328 horarum
1866 2260 1902 2318 et
1921 2247 1953 2322 si
1973 2244 2120 2340 quidem

78 2345 280 2418 meridiano
309 2371 418 2440 supra
445 2362 576 2420 terram
608 2351 699 2422 absit
728 2351 870 2422 initium
900 2350 1071 2422 Gemino·
1124 2353 1162 2422 in
1192 2352 1339 2443 integris
1369 2353 1630 2446 quadrantibus
1658 2353 1855 2424 secuudum
1878 2349 2040 2420 cardines
2063 2371 2120 2420 ac·

76 2473 154 2520 rum
173 2450 436 2544 quinquaginta
454 2450 1071 2547 octotemporibusAequinoctialis.
1124 2454 1253 2546 ceptis,
1293 2453 1482 2526 duodecim
1513 2465 1565 2526 est
1592 2467 1798 2546 temporum
1829 2450 2051 2534 differentia,
2080 2451 2120 2523 iu
2203 2507 2224 2528 ,.

76 2553 263 2645 Quoniam
296 2553 423 2644 igitur,
470 2567 510 2624 ut
537 2557 692 2626 secundo
722 2555 926 2646 posuimus,
973 2553 1072 2624 locus
1123 2555 1292 2628 distantia
1309 2553 1418 2626 trium
1434 2550 1628 2638 horarum,
1655 2555 1724 2626 erit
1738 2567 1942 2646 temporum
1958 2575 2031 2624 sex.

7 2653 8 2656 ’
76 2668 297 2746 prorogator
311 2655 401 2725 coeli
413 2655 593 2748 fastigium
613 2655 762 2740 obtinet,
775 2667 776 2670 ’
788 2652 961 2727 habemus
974 2655 1072 2746 prio-
1225 2657 1321 2750 Quia
1337 2680 1422 2726 vero
1442 2658 1566 2728 eadem
1581 2659 1653 2731 iere
1675 2657 1770 2728 ratio
1795 2658 1833 2726 in
1856 2655 2024 2729 omnibus
2048 2677 2121 2727 scr-

78 2759 126 2828 111
146 2757 341 2829 distantiae
364 2781 445 2828 eum
466 2757 583 2850 ipsum
610 2783 786 2830 excessum
811 2757 1070 2854 quinquaginta
1123 2770 1247 2844 vatur,
1273 2759 1342 2831 alia
1361 2759 1576 2831 adeundam
1590 2761 1740 2842 modum
1756 2759 1973 2850 simpliciora
1990 2757 2049 2828 via
2067 2754 2122 2827 uti

75 2873 155 2930 octo
169 2872 398 2954 temporum:
434 2860 643 2955 quibuscum
652 2862 717 2959 ³¹),
752 2887 795 2931 eo
813 2864 911 2956 quod
926 2861 963 2929 in
981 2857 1073 2929 coeli
1123 2885 1324 2954 possumus.
1374 2859 1519 2932 Etenim
1536 2885 1660 2934 rursus
1674 2881 1756 2935 cnm
1778 2862 1895 2934 oritur
1908 2883 1993 2953 pars
2014 2881 2123 2950 praa·

74 2964 197 3033 medio
215 2963 265 3034 sit
278 2963 378 3034 locus
392 2978 629 3056 prorogator,
655 2965 894 3034 meridianum
913 2975 1073 3056 praeter·
1124 2966 1270 3048 cedens,
1310 2963 1575 3036 ascensionibus
1605 2977 1749 3039 utemur
1778 2989 1890 3058 usque
1913 2965 1960 3032 ad
1979 2973 2120 3056 partem

7 3076 8 3084 ’
75 3063 261 3136 vehuntur
273 3066 377 3138 Aries
393 3079 429 3136 et
441 3066 596 3139 Taurus.
1124 3079 1350 3158 sequentem
1390 3091 1471 3139 curn
1495 3067 1534 3135 in
1557 3091 1685 3138 occasu
1707 3079 1779 3151 est,
1813 3064 2121 3146 descensionibus

175 3169 321 3241 Rursus
351 3171 587 3240 transferatur
619 3161 838 3260 principium
866 3167 999 3239 Arietis
1033 3167 1073 3236 in
1125 3192 1206 3236 cum
1236 3167 1277 3238 in
1304 3168 1395 3238 coeli
1425 3169 1580 3240 culmine
1611 3169 1762 3252 eminet,
1799 3164 1974 3261 sphaerae
2002 3178 2120 3236 rectae

7 3265 9 3320 ἶ
78 3295 267 3356 occasum,
307 3284 355 3364 11
372 3273 409 3342 11
431 3273 590 3342 medium
613 3271 704 3342 coeli
723 3271 906 3364 redigatur
928 3271 1071 3340 initium
1125 3269 1349 3342 ascensiones
1363 3294 1596 3343 assumemus.
1649 3271 1806 3363 Quando
1823 3294 1909 3340 vero
1931 3273 1970 3338 in
1991 3265 2120 3344 mediis

7 3369 8 3414 i
76 3375 219 3446 Cancri.
286 3373 468 3446 Dissideat
488 3397 610 3445 veroa
637 3375 726 3444 coeli
750 3374 904 3444 culmine
928 3371 1072 3443 initium
1124 3369 1255 3444 borum
1271 3373 1471 3444 interstitiis
1485 3368 1660 3458 haeserit,
1687 3373 1805 3467 qualis
1822 3385 1875 3444 est
1892 3374 1931 3442 in
1956 3370 2119 3462 exemplo

76 3477 338 3560 Geminorum,
371 3476 410 3546 in
432 3476 681 3570 praecedentia
703 3478 924 3569 temporibus
940 3475 1074 3570 Aequi·
1124 3475 1240 3567 priori
1265 3475 1353 3546 situs
1375 3475 1528 3559 Arietis,
1566 3476 1723 3567 primurn
1752 3477 1933 3568 capiemus
1956 3487 2121 3565 tempora

74 3579 242 3652 noctialis
275 3580 423 3671 triginta
457 3581 615 3663 duobus,
660 3580 835 3672 scrupulis
870 3579 1073 3650 duodecim.
1125 3577 1269 3670 utrique
1294 3578 1448 3668 angulo,
1479 3579 1574 3648 intra
1592 3603 1693 3674 quos·
1710 3578 1871 3650 consistit
1892 3589 2121 3672 prorogator,

77 3683 263 3775 Quoniam
279 3684 391 3774 igitur
408 3707 530 3754 rursus
543 3682 772 3778 intervallum
789 3681 957 3774 principii
972 3679 1074 3751 Arie-
1126 3681 1380 3770 congruentia,
1405 3703 1448 3748 ac
1469 3681 1499 3752 si
1519 3679 1556 3750 in
1581 3681 1668 3772 ipsis
1684 3695 1887 3752 versaretur
1904 3679 2120 3752 cardinibus·

76 3787 119 3856 tis
151 3787 195 3854 in
226 3787 374 3855 cardine
403 3786 551 3854 occiduo
582 3785 805 3856 consistentis
839 3797 874 3854 et
908 3783 1074 3855 culminis
1124 3777 1351 3854 Inveniemus
1381 3795 1519 3865 autern,
1558 3783 1701 3875 sipost
1730 3785 1873 3854 culmen
1897 3783 1989 3852 coeli
2012 3801 2120 3873 supra

76 3890 186 3972 coeli,
228 3889 285 3958 esi
304 3885 478 3958 horarum
500 3911 561 3958 sex
583 3887 846 3980 inaequalium,
887 3889 1075 3960 111111111-
1125 3897 1258 3968 terram
1277 3886 1502 3976 posuerimus
1516 3884 1659 3955 initium
1674 3884 1826 3970 Arietis,
1850 3886 1945 3956 intra
1961 3883 2121 3954 medium

75 3993 206 4084 septies
238 3987 305 4061 has
335 3989 557 4074 auxerimus,
598 3990 886 4082 comparabimus
910 4005 1072 4082 tempora
1126 3987 1273 4058 1111111
1297 3987 1517 4074 occidentem
1541 3989 1775 4077 congruentia
1808 3990 1855 4055 ad
1885 3984 1981 4061 bunc
2011 3985 2120 4056 situm

75 4094 362 4189 aequinoctialis
378 4103 519 4162 centum
535 4096 630 4176 duo,
656 4091 821 4183 sorripule
836 4093 1072 4185 quadraginta
1126 4100 1289 4179 tempora
1305 4088 1485 4178 sexaginta
1503 4101 1672 4182 quatuor.
1727 4091 1776 4160 At
1799 4089 2056 4162 convenientia
2075 4087 2124 4159 ad

77 4211 179 4278 octo,
207 4196 341 4289 quibus
365 4195 480 4266 aberit
503 4221 522 4262 1
548 4195 748 4264 meridiano
772 4194 988 4289 principium
1005 4195 1073 4264 Ge·
1126 4189 1234 4261 situm
1252 4190 1498 4282 prorogatoris
1513 4191 1554 4260 in
1567 4192 1658 4262 coeli
1672 4192 1827 4276 culmine
1838 4206 2003 4286 tempora
2017 4189 2122 4286 quitr-

76 4299 264 4370 minorum
275 4300 459 4393 :quando
478 4299 657 4368 occiderit.
716 4298 785 4368 Sed
802 4299 873 4368 situ
890 4299 1009 4390 primo
1029 4299 1074 4366 ab
1127 4291 1298 4388 quaginta
1331 4307 1433 4377 octo,
1472 4295 1518 4364 ad
1549 4296 1707 4387 positum
1739 4297 1898 4370 eiusdem
1925 4297 1963 4366 in
1983 4317 2124 4373 ,occasu

77 4407 205 4472 eodem
230 4401 270 4470 in
294 4403 444 4470 eandem
466 4411 605 4492 partem
630 4399 743 4470 abluit
768 4402 989 4492 temporibus
1013 4396 1075 4469 tri·
1120 4396 1350 4487 septuaginta
1364 4397 1598 4488 reperiemus.
1628 4399 1768 4475 Deinde
1780 4399 2017 4493 inquiremus,
2034 4391 2124 4490 qn'ot

76 4503 781 4594 111ωά111111,1111111111111111111.
841 4503 882 4572 ln
904 4503 1075 4596 tempori·
1127 4492 1227 4568 horis
1250 4499 1498 4594 inaequalibus
1524 4501 1570 4570 ab
1601 4502 1774 4575 alterutro
1803 4502 1948 4572 cardine
1978 4521 2123 4594 praece-

75 4607 140 4677 bus
153 4606 269 4696 igitur
281 4605 518 4698 septuaginta,
543 4605 717 4697 scrupulis
731 4605 875 4696 triginta
891 4633 952 4678 sex
967 4631 1074 4697 supra
1128 4601 1313 4693 denspars
1328 4602 1445 4673 distet.
1491 4602 1637 4696 Quanta
1653 4604 1749 4674 enim
1766 4599 1877 4674 horae
1893 4605 1973 4672 illae
1988 4599 2149 4673 tuerint-

77 4723 212 4780 terram
229 4708 271 4778 in
286 4733 450 4779 occasum
463 4707 609 4793 seretur,
636 4709 764 4803 quibus
781 4708 1002 4802 temporibus
1016 4711 1076 4780 de·
1127 4725 1211 4794 part
1235 4703 1365 4794 integri
1389 4705 1619 4798 quadrantis,
1653 4707 1716 4800 qui
1741 4730 1802 4777 sex
1835 4703 1935 4776 horis
1963 4713 2121 4774 constat:

79 4814 256 4882 cumbunt
280 4812 350 4884 sub
368 4835 531 4882 occasum
546 4813 650 4883 Aries
671 4825 708 4882 et
729 4813 888 4894 Taums3
923 4825 959 4882 et
979 4835 998 4882 e
1022 4835 1076 4882 re·
1128 4807 1918 4898 11111111111111111111111111111111,
1944 4828 2017 4900 qaia
2045 4828 2123 4874 car·
2186 4849 2191 4870 o

80 4913 185 5002 gione
199 4913 1070 5006 151111111111111111111111111111181111111.Ι
1127 4907 1222 4978 dinis
1244 4909 1429 5004 utriusque
1452 4922 1615 5002 tempora
1638 4911 1734 4980 inter
1756 4933 1793 4980 se
1812 4910 2034 5002 discrepant,
2067 4907 2125 4979 vel

7 5023 8 5040 ¹
95 5059 100 5068 ·
182 5017 289 5090 Nunc
319 5029 548 5088 removeatur
576 5041 598 5086 a
629 5017 834 5090 cardinibus
857 5017 1075 5111 principium
1128 5011 1355 5096 adiiciamus,
1397 5013 1451 5082 vel
1478 5015 1719 5084 auferemusa
1745 5013 1912 5098 cardine,
1947 5013 1994 5096 ad
2016 5034 2142 5106 quem,

76 5119 234 5202 Arietis,
279 5132 533 5214 statuaturque
565 5121 604 5188 in
637 5121 756 5190 medio
793 5123 914 5216 aliquo
946 5120 1075 5213 spatio.
1127 5115 1227 5184 locris
1240 5116 1455 5207 praecedens
1469 5117 1634 5188 refertur.
1691 5115 1796 5187 Utin
1811 5117 1974 5208 exemplo
1989 5115 2124 5208 priores

78 5223 246 5316 lirerrmli
275 5223 410 5314 gratia,
451 5220 559 5296 distet
587 5223 623 5294 iu
652 5225 900 5316 praecedentia
927 5223 1076 5294 ameri-
1128 5218 1301 5312 quoniam
1332 5219 1519 5290 cardinum
1546 5220 1815 5340 propositorum
1842 5219 2043 5334 differentia
2072 5216 2143 5331 est'

82 5383 292 5397 m

114 5461 168 5520 rt)
185 5461 363 5524 when]
377 5459 428 5512 lt.
447 5459 522 5516 ltu
542 5461 641 5524 saites
655 5455 820 5528 eon-(nit.
837 5455 870 5512 le
886 5449 951 5526 eir).
1008 5473 1012 5482 ·
1033 5474 1037 5483 ¹
1161 5453 1231 5523 21¹)
1248 5456 1468 5521 mirariue]
1485 5405 1889 5525 domuum-typam
1910 5402 2105 5519 meriture.

2332 5573 2343 5616 l
