4662 5804
46 219 149 292 maa
245 173 250 182 ’
565 162 687 293 usu.
739 171 1575 334 immrnsrsrroiourseunnmn.
1883 315 1887 334 Ι
1990 243 2119 328 1030,

96 391 197 475 Heu,
223 405 264 462 ut
277 413 417 483 semper
434 387 494 458 odi
510 387 716 482 improbos,
758 384 764 394 ’
868 386 870 392 ’
1139 383 1325 468 Reddens,
1352 400 1388 457 et
1405 387 1499 458 mori
1517 403 1552 458 et
1567 390 1686 464 vivere
1704 408 1822 470 tecum
1840 407 1935 478 volo.

98 493 171 585 Qui
200 507 341 585 agentes
374 492 542 562 iniustam
573 518 737 577 causam,
779 497 907 566 deiude
937 520 1038 588 prae·
1140 485 1296 568 „Solum
1314 490 1410 559 enim
1426 493 1543 561 adfert
1557 496 1667 567 torvis
1684 500 1837 576 dedecus

454 606 569 666 textus
1073 585 1166 662 ‘855
1193 588 1380 672 „Nomem
1405 595 1442 663 in
1460 597 1607 668 caeteris
1625 604 1809 690 omnibus,
1835 609 1954 684 liberis
2021 585 2031 608 ⁴

96 697 271 788 Fiugunt3
300 720 511 782 „assumere
522 699 658 770 bonum
674 711 710 769 et
722 701 871 770 inertem
1039 769 1043 778 ,
1140 691 1296 774 „Nullus
1311 719 1432 766 servus
1451 698 1567 769 bonus
1583 713 1635 775 est
1651 706 1871 808 deteriorll).

40 796 121 871 835
148 800 294 892 „Magis
312 800 439 881 velim,
466 823 573 892 quam
590 802 725 872 malum
741 804 950 894 eapientem,
1140 797 1237 866 olor.
1263 795 1310 866 Et
1325 823 1403 890 ego,
1429 795 1535 869 chara
1552 803 1711 892 domina,
1736 812 1972 888 calamitatem
1994 827 2075 895 volo

93 901 142 971 Et
159 898 289 972 horum
309 902 458 972 omnino
475 913 671 974 „tremum
689 907 781 976 fem
794 908 940 977 malum,
1139 895 1415 974 Communieans
1434 915 1548 972 tecum
1566 918 1628 976 aut
1645 911 1757 994 mori,
1784 928 1845 984 aut
1870 919 1988 992 vivere
2011 921 2075 997 boa

95 1003 181 1088 llic,
222 1006 285 1098 qui
309 1005 420 1076 estin
443 1004 544 1074 nullo
565 1031 690 1091 censu,
725 1023 830 1081 natus
854 1009 977 1101 ignota
1002 1019 1037 1076 et
1501 1019 1611 1078 nesle.

454 1129 555 1177 serva
1140 1103 1213 1172 Gre-
1241 1101 1428 1187 Oaniina,
1457 1111 1639 1199 quomodo
1656 1115 1794 1200 tacebo,
1815 1133 1876 1190 aut
1892 1135 2073 1217 quomodo

92 1207 211 1276 Matre
220 1207 287 1304 θ’),
312 1210 560 1280 introducetur
573 1212 612 1280 in
626 1225 725 1284 tuam
749 1215 898 1283 domum
919 1211 1034 1279 domi·
1087 1199 1162 1272 860
1187 1203 1356 1296 Aperiam
1375 1209 1602 1280 concubitum
1620 1212 1867 1306 illegitimum,

453 1335 555 1384 nans.
1136 1303 1316 1378 Pudorem
1335 1335 1420 1380 vcro
1438 1316 1621 1404 quomodo
1637 1317 1789 1388 exuam?

92 1413 252 1504 Simplex
270 1426 359 1484 esset
376 1409 444 1482 boc
459 1415 616 1497 malum,
642 1416 672 1486 si
689 1417 733 1485 ab
749 1417 868 1510 aliqua
885 1411 999 1484 nobili
1136 1405 1242 1498 Quod
1268 1411 1363 1480 enim
1398 1413 1694 1505 impedimentum
1732 1422 1849 1495 obstat
1882 1425 1970 1501 milii
2001 1459 2073 1505 am-

35 1513 117 1587 840
145 1515 315 1598 Muliere,
341 1529 377 1586 te
398 1517 631 1600 eoncedente,
666 1520 821 1610 allegans
843 1530 940 1588 tuam
965 1529 1032 1586 ste·
1496 1517 1614 1608 plius?

456 1619 646 1702 pilstam),
1133 1609 1188 1679 Ad
1207 1617 1304 1705 quod
1321 1627 1500 1688 certamen
1517 1621 1632 1709 posita
1651 1621 1792 1698 virtutis
1808 1634 1913 1702 sum?

89 1719 280 1790 Genuisset
297 1721 558 1811 posteritatem
592 1722 622 1792 si
639 1747 724 1794 vero
740 1719 809 1792 boc
824 1721 889 1792 tibi
911 1719 1059 1814 luisset,
1134 1711 1263 1784 Nonne
1280 1718 1430 1790 maritus
1446 1745 1546 1792 meus
1560 1725 1724 1814 proditor
1739 1731 1851 1804 factus
1866 1737 1942 1806 est?

187 1893 193 1902 ¹
453 1823 640 1908 acerbum,
1083 1809 1158 1885 866
1182 1816 1314 1890 Privor
1330 1822 1439 1890 domo
1455 1837 1490 1892 et
1504 1826 1630 1915 privor
1645 1824 1784 1916 liberis,

88 1923 291 2015 Oportebat
321 1924 439 2016 ipsum
465 1939 587 2016 perere
606 1929 750 2020 nuptias
774 1923 819 1994 ab
840 1921 952 1996 Aeolo
969 1949 1030 2016 pa·
1133 1916 1269 1990 Omnes
1283 1947 1362 2014 spes
1376 1924 1578 2015 perierunt,
1606 1952 1694 2024 quas
1710 1932 1900 2026 disponere

376 2057 379 2063 ·
452 2027 576 2122 staff),
1055 2008 1058 2096 l
1134 2019 1288 2112 Cupiens
1305 2040 1398 2097 recte
1417 2051 1492 2097 uon
1506 2030 1627 2118 potui,

89 2127 214 2222 ltaque
230 2141 373 2220 oportet
389 2141 423 2198 te
440 2130 577 2224 aliquid
593 2131 767 2201 muliebre
783 2131 919 2212 facere,
1133 2121 1272 2195 Tflcesss
1300 2130 1526 2202 concubitum
1560 2145 1596 2216 ,θὶ
1625 2144 1746 2208 larena
1777 2153 1919 2230 partum
1951 2148 2073 2240 deplo-

85 2231 159 2300 Aut
174 2239 371 2302 sumentem
387 2233 565 2324 gladium,
591 2246 655 2302 aut
669 2235 753 2304 dolo
770 2235 948 2328 quodam,
988 2293 1000 2304 ,
1491 2237 1657 2307 randum.
1777 2318 1780 2325 .

33 2331 114 2404 845
144 2336 217 2405 Aut
233 2336 380 2407 venenis
394 2347 494 2406 tuum
510 2337 709 2406 interlicere
725 2336 895 2410 maritum
1062 2326 1156 2395 Δ870
1176 2328 1250 2397 'Sed
1269 2355 1341 2398 non
1356 2334 1551 2422 persolum
1567 2338 1744 2410 sidereum
1763 2338 1876 2429 Iovis,
2196 2411 2199 2418 p

85 2436 134 2504 Et
146 2437 278 2521 filium,
303 2439 512 2532 priusquam
528 2439 594 2508 tibi
610 2463 707 2511 mors
723 2463 765 2510 ex
778 2439 847 2508 illis
863 2437 1015 2506 eveniat.
1131 2429 1178 2498 El
1194 2454 1268 2500 non
1286 2458 1350 2524 per
1365 2433 1479 2532 Deum
1503 2432 1724 2512 habitantem
1742 2469 1848 2536 supra
1873 2473 1971 2524 meos
1996 2479 2072 2524 sco·
2143 2433 2149 2440 ’

90 2538 128 2608 Si
142 2541 236 2608 enim
253 2541 322 2611 eris
337 2541 486 2631 ignava,
513 2554 553 2611 tu
568 2542 708 2613 amittes
729 2543 852 2611 vitam.
1268 2589 1272 2597 «
1490 2542 1613 2630 pulos,

91 2639 271 2722 „Duobus
295 2644 388 2712 enim
413 2640 575 2713 hostibus
599 2644 637 2712 in
659 2666 769 2714 unam
794 2637 942 2712 domum
970 2665 1029 2710 ve.
1130 2630 1177 2700 El
1193 2658 1267 2702 non
1288 2659 1351 2726 per
1367 2639 1506 2729 paludis
1522 2667 1678 2738 aquosae
1695 2649 1906 2726 Tritonidos

449 2745 651 2826 aientibus,
1130 2735 1278 2806 Sacrum
1302 2739 1420 2824 littus,
1451 2765 1526 2812 non
1552 2749 1711 2841 amplius·
1730 2754 1916 2826 occultabo
1943 2781 2071 2831 concu-

90 2849 192 2928 „Aut
214 2847 363 2916 alterum
391 2859 534 2938 oportet
557 2873 630 2918 esse
653 2848 936 2929 infortunatum,
968 2857 1030 2914 aut
1484 2845 1620 2934 bitum,
1646 2864 1722 2922 uta
1739 2859 1846 2928 corde

445 2950 608 3020 alterum,
1082 2935 1156 3008 875
1183 2941 1341 3012 Abluens
1357 2943 1423 3011 sim
1442 2943 1567 3020 levior.

38 3045 114 3122 850
135 3049 213 3140 Ego
232 3064 327 3120 certe
343 3053 425 3122 volo
438 3065 474 3121 te
489 3053 680 3141 adiuvare,
1130 3041 1274 3111 Stillant
1287 3066 1388 3112 meos
1403 3049 1562 3137 pupillae
1580 3049 1791 3147 lachrymis,

86 3151 134 3220 Et
145 3152 252 3224 simul
266 3153 463 3224 interficere
476 3154 602 3238 filium,
620 3177 698 3222 cum
714 3151 855 3222 rediero
869 3152 1029 3233 domum,
1130 3143 1177 3212 Et
1192 3145 1313 3214 anima
1328 3147 1426 3216 dolet
1441 3147 1580 3222 insidiis
1594 3157 1705 3244 petita

90 3255 244 3345 Quando
262 3257 465 3327 convivium
481 3269 654 3348 apparat,
680 3265 716 3322 et
736 3254 895 3345 praemia
915 3253 1029 3323 nutri·
1131 3245 1177 3315 Et
1190 3249 1236 3316 ab
1250 3243 1456 3320 bominibus
1471 3265 1505 3330 et
1526 3279 1545 3323 a
1565 3254 1662 3339 Diis,

451 3359 601 3428 calionis
619 3357 775 3427 dominis
1131 3351 1231 3444 Quos
1255 3352 1465 3422 convincam

143 3660 194 3721 Qui
211 3662 239 3709 te
257 3660 359 3709 ducens
377 3659 476 3721 hospes
495 3661 654 3726 ingrediens
672 3658 829 3721 civitatem,

140 3732 177 3778 llt
194 3729 318 3789 domum,
342 3730 370 3777 et
388 3731 461 3778 tuam
478 3741 625 3779 assumens
643 3730 729 3778 totam
746 3725 960 3786 haereditatem,

141 3799 183 3846 lix
199 3795 256 3846 alla
273 3795 390 3846 muliere
405 3796 508 3847 liberos
525 3809 677 3860 procreans

142 3865 218 3916 Clam
238 3865 426 3926 deprenensus
444 3866 495 3914 est.
524 3869 611 3927 ouum
628 3864 723 3915 furtim
742 3875 826 3924 vero,
845 3875 897 3926 ego
916 3863 1011 3912 dicem.

141 3935 289 3995 Postquam
308 3935 336 3982 te
354 3933 479 3983 sterilem
497 3935 603 3995 sensit,
629 3946 682 3983 uon
704 3935 749 3981 sat
767 3929 859 3980 habuit
878 3931 927 3980 ttol
1183 3929 1362 3991 „adornant
1395 3927 1517 3982 laertem
1536 3935 1650 3991 prolium
1668 3937 1795 3998 scalpere
1812 3938 1929 3990 amioum

143 4001 248 4054 simine
268 4014 348 4065 esse,
373 4006 403 4051 et
420 4003 548 4053 fortunae
566 4003 760 4065 aequalilatem
777 4000 870 4057 terrea
1181 3996 1342 4064 „cuperem
1359 3999 1468 4063 magis,
1492 4011 1571 4064 quarn
1590 4004 1691 4055 malum
1709 4005 1912 4068 sapientiorem.

142 4071 197 4122 sed
214 4069 326 4132 espiers
343 4071 465 4120 serviles
481 4073 586 4132 laetos,
613 4079 782 4134 congressus
797 4068 885 4130 olam,
1182 4066 1218 4115 ut
1234 4065 1330 4115 torum
1349 4067 1465 4118 omnium
1486 4069 1627 4135 ultimum,
1652 4074 1867 4134 persuaderetis
1884 4076 1999 4142 uadum,

141 4141 220 4190 lirino
237 4152 350 4201 puerum
368 4141 534 4201 procreavit
568 4142 734 4204 delegatam
751 4147 818 4186 vero
837 4136 920 4186 alleui
1053 4136 1056 4153 '
1182 4135 1328 4184 carentem
1347 4138 1451 4199 matre,
1476 4136 1581 4188 nullius
1598 4142 1705 4192 numeri
1723 4155 1756 4192 es
1775 4154 1860 4194 serra
1877 4145 1994 4208 suadem

142 4209 307 4270 Delphorum
326 4209 411 4258 tradit
428 4209 603 4258 mamutium.
640 4210 692 4258 iiio
709 4217 777 4256 vero
794 4205 822 4255 iu
839 4206 892 4254 Dei
1054 4263 1055 4266 Ἰ
1181 4202 1297 4253 ssuttere
1314 4203 1342 4254 in
1360 4204 1468 4255 donum
1484 4205 1558 4256 tuam
1576 4208 1711 4262 dominun
1730 4205 1864 4272 recipere.

142 4277 263 4336 rempns
279 4287 375 4340 aseer,
402 4278 433 4325 ut
451 4277 568 4338 lateret,
591 4276 753 4326 instituitur.
1183 4271 1304 4339 Simplex
1322 4273 1393 4322 enim
1411 4273 1513 4322 inisset
1530 4278 1650 4342 melum,
1673 4279 1698 4326 sl
1715 4290 1734 4329 a
1751 4279 1836 4330 nobili

141 4344 354 4395 ,adnleseentem
372 4357 438 4394 sero
459 4358 519 4395 oum
537 4345 642 4395 audivit
658 4346 817 4406 adunatum,
1053 4378 1056 4403 ,
1181 4342 1287 4402 liure,
1309 4342 1481 4402 persuadens
1499 4342 1562 4407 tibi,
1586 4346 1680 4396 diosus
1698 4348 1773 4399 mam
1790 4347 1950 4414 orbitatem,

141 4411 249 4462 venire
265 4411 316 4460 hue
333 4412 382 4461 tibi
400 4415 555 4479 persuasit,
579 4413 709 4464 ormtaols
725 4411 825 4476 gratia
1053 4408 1056 4471 1
1181 4408 1517 4469 Frequentassetdomos.
1553 4412 1584 4462 Si
1596 4425 1662 4466 vero
1678 4416 1726 4465 titi
1743 4417 1796 4468 boo
1812 4417 1915 4469 luisset
1931 4423 2066 4482 sartum,

142 4483 179 4532 ut
196 4480 238 4530 sle
255 4479 330 4528 neue
346 4492 401 4531 non
420 4483 550 4532 mentitus
568 4487 630 4546 este
651 4482 714 4544 lpse
730 4490 799 4530 vera
815 4479 961 4543 mandute,
1053 4495 1056 4525 l
1182 4477 1224 4524 ΑΙ)
1241 4475 1327 4526 Aeolo
1344 4474 1432 4536 ipsum
1450 4481 1595 4540 oportebat
1611 4487 1743 4544 appetere
1760 4485 1879 4547 nuptias.

43 4549 52 4558 ‘
140 4550 249 4600 Dudum
266 4549 346 4598 aleas
365 4549 435 4598 tuno
453 4563 581 4616 puerum,
609 4549 640 4601 et
655 4551 750 4602 nexuit
770 4562 858 4600 uuus
1053 4553 1056 4635 p
1182 4546 1224 4592 lix
1241 4543 1304 4593 istis
1321 4547 1431 4607 oportet
1448 4549 1477 4596 te
1494 4547 1548 4600 lam
1567 4552 1699 4602 misileore
1716 4553 1844 4616 quiddam
1861 4557 1962 4604 lacere.

138 4615 312 4669 'Huiusmodi
348 4617 539 4678 oepreneusue
559 4619 684 4679 quidem,
702 4619 822 4667 referret
839 4618 868 4666 in
886 4619 981 4668 Deum.
1182 4615 1239 4662 Aut
1255 4614 1328 4662 enim
1345 4613 1465 4677 gladium
1482 4617 1678 4682 accipientem,
1702 4625 1751 4670 aut
1767 4622 1831 4671 dolo
1849 4623 1964 4683 quodam

143 4687 266 4736 Veniens
284 4697 369 4751 vero,
387 4687 416 4734 et
433 4685 641 4736 diuturnitatem
655 4687 788 4747 temporis
800 4688 964 4748 propulsare
978 4697 1029 4736 vo·
1053 4694 1056 4711 ¹
1182 4683 1238 4730 Aut
1255 4683 1387 4746 veneulsr
1412 4685 1468 4732 ‘¹¹¹³
1485 4683 1640 4738 mitificato
1658 4689 1785 4738 moritum

448 4755 528 4818 leus,
1053 4751 1055 4795 i
1182 4751 1218 4798 lit
1235 4763 1364 4812 puerum,
1387 4752 1533 4813 numquam
1551 4753 1600 4806 slot
1617 4765 1692 4803 mors
1710 4767 1743 4804 ex
1762 4753 1820 4804 illis
1838 4758 1957 4810 eveniat.

143 4823 288 4884 imperium
306 4823 360 4873 alti
377 4822 519 4872 vindicare
536 4821 597 4872 ruit
618 4825 721 4873 terrse
1052 4852 1055 4890 ,
1182 4819 1211 4866 st
1231 4819 1301 4868 enim
1319 4817 1464 4880 negligens
1482 4819 1586 4884 fueris,
1612 4821 1737 4884 tetigeris
1755 4823 1805 4873 tuo
1823 4823 1889 4872 vita.

142 4892 249 4942 Novum
267 4904 334 4942 sero
352 4903 450 4942 nomeu
470 4901 518 4954 per
535 4889 621 4942 otium
638 4891 731 4940 fletum
748 4894 807 4954 est,
1052 4895 1055 4951 1
1182 4919 1201 4949 ,,
1212 4887 1329 4936 Duobus*
1339 4885 1411 4934 enlm
1427 4885 1551 4936 hostibus
1569 4889 1741 4940 sententious
1759 4891 1788 4940 io
1806 4903 1887 4940 uuum
1905 4894 2004 4944 tectum
2013 4929 2021 4960 ,

142 4959 206 5022 lon,
231 4960 306 5009 eunti
323 4961 432 5010 seilicet
450 4959 522 5022 quod
538 4959 648 5008 obviam
666 4960 762 5008 lasum
776 4960 823 5010 stt.
1052 4961 1055 5027 1
1181 4959 1263 5016 „Aut
1280 4955 1444 5005 alterutrum
1462 4957 1572 5014 oportet
1587 4957 1765 5009 intortunium
1782 4957 1848 5022 pall.

1182 5025 1241 5085 Ego
1264 5024 1342 5071 uerte
1359 5019 1408 5070 tibi
1425 5022 1507 5072 etiam
1526 5024 1699 5075 collaborare
1715 5027 1797 5094 volo,
1840 5069 1844 5079 ,

71 5060 1055 5218 ”dissertatorem„titali‚attestant3
1181 5089 1721 5222 52,·¹;g:2,¹5,2⁶;t32;;g¹¹2p,5333
1735 5093 2040 5216 gppggmp

108 5197 172 5247 dam
189 5195 287 5278 [111111.
307 5200 425 5278 sperent:
456 5209 491 5280 es
507 5197 601 5261 aliqua
617 5199 718 5260 serva]
734 5199 850 5248 liuttere
867 5203 917 5258 (=
934 5199 1027 5262 llurip.
1052 5269 1055 5280 μ
1182 5227 1327 5292 nomm,
1353 5229 1382 5277 ,ς
1399 5226 1486 5287 „op-p,
1512 5229 1654 5279 mma.
1673 5231 1763 5282 pum„
1781 5233 1930 5294 puppim,

108 5263 139 5315 ts
158 5259 346 5324 deutereseos
363 5263 519 5330 suranae).
1051 5315 1053 5344 1
1180 5295 1297 5360 „unum
1315 5295 1413 5346 etenim
1431 5297 1524 5348 servis
1541 5296 1717 5362 ignomlnlen
1734 5304 1805 5364 tert,

72 5369 123 5425 ao)
141 5370 236 5429 petere
254 5366 362 5428 nuptias
380 5367 415 5416 sle
432 5367 518 5418 aeolo
533 5371 638 5430 patre]
661 5367 705 5418 leis
729 5366 756 5416 Ιιι
775 5377 862 5430 marg.
881 5367 930 5419 md.
952 5369 1026 5420 1662.
1051 5347 1054 5370 ’
1181 5362 1332 5427 „Now
1355 5363 1382 5413 iu
1400 5365 1521 5416 metesls
1539 5365 1663 5418 omnious
1681 5369 1778 5420 literis

106 5435 248 5497 adscripta
265 5438 309 5486 est
325 5435 485 5496 esplloatio:
510 5449 545 5486 ex
562 5447 615 5488 sus
631 5441 715 5502 gente
732 5437 839 5524 dangre
1051 5499 1053 5514 Ι
1181 5431 1304 5495 „Nullus
1323 5432 1400 5494 palor
1418 5445 1537 5497 servus,
1562 5435 1715 5499 puteusque
1733 5440 1819 5488 bonus
1837 5436 1930 5487 tuerit.

1409 5497 1494 5570 65*

1113 3655 1239 3776 ⁹¹}ng
1256 3661 1286 3706 ut
1302 3683 1337 3694 ·-
1353 3657 1482 3710 deterior.
1502 3658 1559 3724 (rs.
1575 3663 1768 3724 de-dddd]
1786 3666 1890 3720 siolid.
1904 3669 1995 3734 imp
2020 3675 2070 3726 ild.

1066 3819 1072 3832 ·
1182 3793 1259 3857 „liei
1280 3792 1362 3855 milri,
1386 3794 1552 3855 versipelles
1570 3805 1598 3844 nt
1615 3798 1741 3850 homines
1756 3812 1866 3863 semper
1884 3804 1945 3869 odi,

1181 3859 1262 3926 „ool
1280 3865 1474 3922 oompoueutes
1492 3862 1610 3928 iniusta,
1630 3867 1860 3920 delude'lraudes

1053 3656 1055 3761 Ι

1053 3940 1056 4032 l
