4662 5804
228 191 304 267 975
813 175 936 250 PlllL.
962 177 1076 252 Mra.
1102 175 1306 254 semera
1332 175 1665 252 amnonius.
2187 179 2261 252 978

283 363 413 438 necet
448 355 545 450 Quid
566 366 618 428 est
638 351 818 446 sepultura
842 348 1068 424 absentium?
1098 373 1146 422 an
1168 376 1220 424 se·
1322 353 1420 424 Mers.
1446 351 1500 424 Ne
1519 351 1646 424 fluctus
1660 349 1804 422 eiiciant
1818 347 1954 424 hostias
1969 356 2014 423 ad
2029 355 2140 427 littus.

640 453 750 546 pelias
767 451 961 524 umbram?
1326 457 1456 526 Thesei.
1484 453 1595 526 Navis
1609 449 1804 526 Phoenissa
1820 454 1924 525 velox
1942 457 2067 530 aderit.

281 571 358 642 Hel.
382 561 463 634 Mos
480 573 532 630 est
549 559 645 651 apud
660 557 836 640 Graecos,
862 556 925 650 qui
947 555 985 625 in
1010 555 1103 626 mari
1125 580 1221 626 mor·
1324 559 1423 628 Men.
1451 555 1560 627 lleete
1576 570 1613 627 et
1626 557 1792 626 Menelao
1812 557 2040 632 benefeceris.

642 672 724 730 tuus
739 658 866 742 suerit,
891 697 941 712 -
1273 657 1373 730 1990
1411 661 1539 732 meost.
1574 659 1702 731 Nonne
1730 670 1770 729 tu
1800 672 1901 751 potes
1927 662 2004 733 siue
2026 659 2093 732 hac
2119 655 2190 729 hoc
2214 660 2265 728 sa-

285 771 414 845 Theoel.
441 764 539 860 Quid
555 761 694 833 lacere?
745 759 1164 851 Graecisuntsapientes
1182 761 1219 830 in
1684 759 1787 830 cere?

641 863 770 934 talibus
785 864 902 934 rebus.
1322 863 1423 932 Men.
1450 861 1579 937 Matris
1593 861 1661 936 hoc
1676 887 1766 956 opus
1780 876 1851 946 est,
1885 876 1948 935 aut
1962 865 2103 949 uxoris,
2138 877 2203 934 aut
2226 863 2267 931 li-

281 979 357 1048 Hel.
381 970 539 1064 Sepelire
556 968 594 1036 in
610 965 730 1038 vacuis
746 965 848 1036 tertis
863 965 1003 1036 tunicis.
1678 965 1860 1036 berorum.
1905 961 1908 968 ’

234 1079 331 1152 1960
369 1075 500 1147 most.
531 1070 602 1140 Fac
623 1065 752 1162 funusJ,
792 1066 903 1137 excita
928 1067 1127 1150 tumulum,
1158 1065 1220 1138 ubi
1327 1067 1454 1138 Thesei.
1482 1065 1597 1140 Huius
1613 1067 1795 1160 negotium
1812 1081 1884 1151 est,
1910 1081 1951 1138 ut
1974 1068 2080 1150 dicis,
2114 1067 2266 1158 sepelire

642 1169 696 1240 vis
713 1169 752 1238 in
771 1181 875 1240 terra.
1687 1169 1870 1241 maritum.

282 1284 357 1354 uss.
384 1277 467 1349 Non
484 1275 533 1346 sic
548 1271 737 1365 sepelimus
754 1274 959 1361 naufragos.
1323 1271 1419 1340 Meo.
1442 1269 1513 1342 Res
1528 1271 1587 1364 pia
1602 1284 1665 1357 est,
1691 1293 1766 1342 non
1781 1275 1993 1342 defraudare
2010 1285 2179 1345 mortuos
2194 1271 2268 1342 suis

188 1447 191 1454 .
286 1383 414 1456 Thesei.
448 1378 642 1471 Quomodo
664 1373 797 1465 igitur?
837 1375 966 1466 ignoro
991 1371 1084 1460 leges
1110 1370 1221 1442 Grae·
1687 1373 1801 1446 iustis.

643 1500 779 1547 corum.
1235 1551 1237 1558 y
1328 1475 1456 1544 Thesei.
1496 1473 1549 1544 Sit
1573 1499 1692 1546 meum
1723 1471 1856 1548 habere
1880 1477 2069 1569 coniugem
2092 1498 2166 1544 non
2189 1474 2270 1566 pol·

280 1590 354 1661 Hel.
381 1583 622 1676 Expertamus
636 1578 675 1649 in
691 1602 808 1661 mare,
835 1601 927 1671 quae
944 1572 1112 1646 convenit
1126 1597 1221 1644 mor·
1682 1578 1807 1650 lutam.

639 1681 721 1750 tuis.
1275 1673 1374 1749 1295
1401 1675 1556 1750 Veniens
1570 1679 1608 1748 in
1626 1680 1773 1752 domum
1791 1681 1947 1752 adieram
1966 1690 2182 1774 apparatum
2202 1699 2269 1767 pro

285 1791 414 1862 meost.
442 1785 539 1877 Quid
555 1779 728 1853 exhibebo
749 1791 892 1850 mortuo
909 1790 945 1848 et
959 1777 1048 1847 tihi?
1126 1856 1130 1868 Ι
1685 1797 1848 1868 mortuo,

235 1889 332 1969 1265
358 1890 434 1962 Hel.
459 1885 606 1965 Nescio;
633 1907 697 1975 ego
712 1909 790 1954 sum
809 1880 974 1973 imperita
998 1881 1145 1952 istarum
1167 1905 1222 1948 re·
1324 1879 1371 1949 Et
1387 1879 1529 1950 dimitto
1548 1896 1582 1952 te
1600 1897 1749 1956 exterra
1765 1910 1839 1957 non
1858 1885 1979 1956 vacuis
1991 1884 2158 1970 menibus

405 2014 507 2073 turn,
533 2013 614 2059 cum
625 1986 730 2078 ‘prius
745 1980 835 2054 nihil
851 1985 922 2053 tale
938 1979 1029 2054 mihi
1045 1983 1222 2054 acciderit.
1324 1983 1542 2054 Servientem
1559 1980 1654 2056 huic.
1707 1988 1796 2059 Cum
1816 1985 1903 2058 mihi
1921 1990 2055 2058 famam
2072 1988 2212 2059 honam

287 2095 418 2166 Theoci.
445 2091 480 2162 Ο
495 2088 645 2182 hospes,
672 2100 812 2178 gratum
828 2087 995 2158 nuntium
1012 2085 1172 2158 attulisti.
1324 2081 1514 2169 Attuleris,
1539 2109 1606 2178 pro
1622 2091 1787 2162 sordibus
1802 2092 1878 2163 istis

283 2202 379 2270 Men.
405 2195 490 2266 Non
506 2189 615 2275 mihi,
640 2213 757 2285 neque
771 2202 927 2260 mortuo.
1324 2187 1485 2278 Accipies
1501 2201 1634 2262 vestem
1655 2205 1689 2261 et
1705 2193 1843 2276 eibum,
1869 2207 1911 2264 ut
1923 2193 1960 2262 in
1976 2192 2132 2284 patriam

286 2301 415 2372 Theoel.
456 2296 648 2391 Quomodo
678 2291 832 2383 sepelitis
864 2303 1044 2374 mortuos,
1091 2291 1155 2385 qui
1185 2292 1222 2359 in
1278 2289 1375 2361 1500
1400 2287 1552 2374 Venias,
1578 2297 1722 2386 qnando
1740 2296 1845 2366 video
1863 2309 1897 2366 te
1920 2296 2089 2366 miserum
2107 2315 2197 2363 esse.

646 2394 739 2464 mari
754 2393 962 2486 perierunt?
1325 2392 1384 2461 Tu
1399 2416 1505 2476 vero,
1532 2417 1554 2462 o
1568 2395 1719 2481 misera,
1745 2421 1819 2468 non
1838 2399 1875 2471 in
1891 2423 1929 2468 re
1949 2397 2068 2469 inutili

284 2508 378 2576 Meo.
407 2499 522 2570 Prout
537 2511 620 2569 sunt
634 2497 911 2589 uniuscuiusque
927 2497 1123 2568 facultates.
1323 2493 1467 2566 Crucies
1483 2496 1660 2588 teipsam.
1713 2499 1896 2572 Menelaus
1911 2503 2053 2570 iunctus
2072 2513 2125 2571 est
2140 2499 2241 2578 fato,

235 2609 333 2682 1270
363 2606 494 2677 tarot
511 2600 590 2685 Dic,
617 2603 715 2694 quod
733 2601 779 2670 ad
795 2611 958 2691 sumptus
972 2599 1111 2682 attinet,
1127 2599 1223 2693 quic·
1325 2595 1449 2692 Neque
1465 2611 1581 2689 potest
1597 2601 1718 2672 vivere
1734 2603 1885 2676 maritus
1901 2615 1983 2675 tuus
1997 2616 2174 2672 mortuus.

545 2703 631 2798 quid
649 2703 766 2785 voles,
792 2714 939 2794 propter
954 2697 1047 2769 hanc
1062 2701 1223 2793 accipies.
1326 2703 1423 2771 Men.
1463 2699 1583 2772 Tuum
1619 2705 1774 2774 officium
1810 2720 1881 2788 est,
1932 2731 1954 2774 o
1989 2705 2270 2786 adolescentula,

286 2817 381 2885 Meo.
407 2807 571 2878 Primum
591 2817 767 2872 mactatur
781 2803 924 2893 sanguis
941 2801 1105 2872 mortuis.
1683 2821 1907 2898 praesentem

287 2915 418 2987 Thesei.
445 2905 578 2978 Cuius?
606 2919 644 2976 tu
661 2904 777 2974 indica
794 2901 904 2989 mihi,
931 2929 995 2998 ego
1011 2903 1158 2996 parebo.
1279 2900 1375 2975 1805
1401 2903 1572 2976 Maritum
1595 2921 1739 3000 oportet
1757 2933 1899 2994 amare,
1932 2923 1967 2980 et
1989 2934 2090 2994 eum,
2122 2909 2187 3002 qui
2210 2935 2272 3002 pe-

283 3019 381 3091 Mers.
407 3013 467 3084 Tu
482 3011 556 3103 ipse
573 3007 737 3088 statuito;
764 3008 949 3092 sufficient,
966 3029 1058 3103 quae
1073 3007 1222 3078 dederis.
1681 3011 1764 3096 riit,
1791 3013 1972 3084 omittere:

287 3120 417 3194 meost.
451 3113 558 3208 Apud
579 3113 755 3183 barbaros
778 3135 855 3181 mos
877 3122 948 3193 est,
997 3133 1129 3204 equum
1163 3124 1226 3180 aut
1326 3108 1403 3178 Hoc
1421 3109 1486 3180 tibi
1503 3109 1678 3202 optimum
1695 3127 1747 3184 est
1765 3117 1810 3185 ad
1828 3127 2051 3208 praesentem
2067 3136 2206 3184 casum.

643 3227 798 3284 taurum.
1326 3209 1435 3304 Quod
1452 3213 1482 3284 si
1495 3237 1628 3285 venero
1644 3215 1682 3285 in
1698 3216 1905 3302 Graeciam,
1931 3231 1966 3288 et
1984 3219 2086 3288 luero
2103 3217 2247 3300 salvus,

238 3321 334 3399 1275
360 3326 458 3395 Men.
486 3319 525 3389 si
548 3318 601 3387 vis
625 3316 762 3410 aliquid
783 3317 891 3396 dare,
924 3308 1015 3382 nihil
1037 3315 1098 3383 des
1121 3337 1224 3404 gene·
1266 3351 1270 3363 ·
1326 3313 1476 3405 Qualem
1498 3316 1598 3387 decet
1614 3341 1686 3390 esse
1701 3331 1734 3387 te
1752 3332 1814 3390 tuo
1833 3320 1985 3406 marito,

637 3442 721 3486 roso
739 3416 937 3505 indignum.
1326 3416 1364 3486 Si
1379 3416 1459 3489 talis
1483 3418 1612 3488 mulier
1634 3420 1762 3502 fueris,
1797 3445 1862 3512 ego
1883 3445 2108 3514 compescam
2127 3419 2271 3513 priores

290 3527 420 3600 mass.
446 3522 531 3594 Non
548 3541 709 3588 caremus
724 3517 794 3587 illis
809 3519 846 3584 in
862 3513 994 3584 nostris
1008 3515 1184 3606 gregibus.
1680 3521 1724 3591 de
1741 3534 1775 3592 te
1788 3547 1971 3598 sermones
1981 3524 2041 3622 ⁷⁸).

284 3631 380 3702 Men.
406 3625 454 3695 Et
468 3622 591 3692 afferte
608 3621 737 3690 lectum
754 3630 904 3688 stratum
920 3616 996 3686 sine
1011 3640 1173 3708 corpore.
1280 3617 1378 3690 1810
1403 3623 1480 3693 Hel.
1505 3619 1610 3692 Fient
1623 3618 1728 3694 haec:
1756 3627 1996 3723 nunquam⁷¹)
2020 3625 2171 3696 mamtus
2200 3624 2274 3695 cul-

290 3733 418 3804 theoct.
444 3725 542 3805 Fiet;
570 3724 656 3818 quid
673 3734 857 3814 praeterea
874 3719 1001 3788 afferre
1017 3743 1096 3790 mos
1109 3719 1185 3792 est?
1687 3727 1786 3819 pabit

284 3839 382 3908 Mers.
408 3831 518 3900 Arma
536 3851 667 3904 aenea;
693 3849 776 3894 nam
790 3824 861 3893 tuit
875 3823 1038 3892 bellator.
1327 3822 1406 3903 Me;
1432 3836 1490 3908 tu,
1516 3827 1579 3920 qui
1597 3851 1711 3922 prope
1727 3832 1830 3914 ades,
1855 3831 1943 3901 scies
1959 3829 2039 3903 ista.

239 3939 336 4012 1280
372 3935 500 4008 meost.
535 3929 660 4022 Digna
685 3939 790 3997 erunt
817 3923 905 3995 haec
927 3924 1094 4008 Graecis,
1133 3947 1225 4018 quae
1326 3923 1482 4012 Verum,
1510 3929 1674 4016 omiser,
1701 3933 1794 4002 intra
1812 3933 1962 4017 etlavs,

643 4030 817 4101 dabimus.
1327 4025 1374 4097 Et
1387 4043 1485 4101 muta
1502 4045 1653 4117 vestem,
1679 4059 1754 4104 nou
1769 4038 1815 4104 ad
1831 4055 1972 4104 moram

286 4144 383 4212 Meo.
416 4137 607 4208 Praeterea
632 4133 752 4204 omnia
776 4125 925 4223 pulchra
951 4127 1110 4219 germina
1141 4137 1224 4196 nata
1326 4129 1553 4212 Benelaciam
1570 4135 1655 4216 tibi;
1682 4137 1848 4208 libentius
1864 4137 1959 4208 enim

652 4261 671 4304 e
696 4248 804 4304 terra.
1279 4230 1378 4304 1815
1404 4231 1621 4308 Charissimo
1637 4263 1718 4310 meo
1732 4238 1898 4310 Menelao
1913 4235 2161 4310 convenientia

290 4343 419 4414 meoet
445 4339 638 4434 Quomodo
654 4337 692 4407 in
705 4337 832 4406 fluctus
848 4333 907 4403 illa
924 4329 1106 4402 demittis?
1326 4335 1477 4423 Feceris,
1495 4339 1524 4410 si
1540 4343 1768 4436 consequaris
1783 4365 1802 4412 a
1819 4343 1935 4426 nobis,
1956 4365 2049 4437 quae
2063 4353 2098 4409 te
2114 4347 2272 4430 oportet.

285 4446 382 4515 Men·
413 4441 573 4536 Numae)
599 4436 796 4531 oportetffl)
827 4450 862 4506 et
890 4437 1145 4526 gubernatores
1170 4453 1226 4498 re.
1616 4491 1833 4592 [strophe
1863 4493 1924 4594 l]

648 4565 802 4611 morum.
1887 4548 1895 4568 ι

292 4651 420 4720 meoet.
448 4648 632 4740 Quantum
648 4642 755 4736 spatii
771 4651 868 4711 arcet
882 4639 1026 4708 classem
1044 4661 1062 4704 a
1081 4632 1200 4704 terra?
1329 4627 1425 4698 δῖον.
1453 4626 1574 4698 Veloci
1590 4633 1680 4721 pede
1697 4645 1867 4702 montana

183 4775 187 4785 ¹
240 4749 338 4825 1285
363 4755 460 4823 Men.
487 4749 537 4819 Ut
560 4747 620 4818 vix
641 4743 798 4839 conspici
817 4740 956 4835 possint
977 4763 996 4808 a
1018 4739 1139 4808 littore
1160 4735 1224 4805 flu·
1328 4727 1445 4798 Meter
1459 4729 1617 4802 Deorum
1633 4734 1815 4804 festinavit

640 4863 716 4920 ctus
731 4849 823 4918 circa
840 4866 980 4914 navem.
1046 4904 1049 4912 ,
1281 4901 1484 4919 Ἢ

291 4959 420 5029 most.
447 4956 568 5050 Quare
583 4949 678 5024 hunc
693 4972 832 5021 morem
850 4945 935 5016 colit
949 4939 1123 5016 Graecia?

1309 5013 1357 5080 ⁷⁰)
1377 5016 1535 5077 husten-
1546 5011 1715 5082 sermones]
1734 5019 1777 5070 tle
1793 5021 1887 5072 horon
1905 5020 2019 5069 duorum
2038 5025 2169 5065 ver-suun
2189 5015 2267 5072 ordo,

1344 5097 1424 5148 quoru
1440 5085 1525 5136 estse
1545 5089 1635 5153 totu,
1655 5091 1729 5140 ¹5⁶2.
1749 5091 1874 5152 orhthst,
1897 5087 2026 5152 congruit
2044 5097 2106 5135 corr
2118 5083 2167 5132 Ed.
2181 5083 2265 5132 nuit

268 5167 317 5236 90)
334 5169 427 5230 Nunc]
444 5168 485 5220 sle
502 5169 587 5222 noto.
602 5169 696 5232 1859,
717 5167 794 5220 tm·
812 5169 861 5230 (=
873 5165 924 5218 Ed.
937 5163 1021 5216 111111.
1037 5160 1114 5216 rost.
1130 5156 1225 5226 Nir);
1346 5155 1441 5219 mbr
1467 5155 1497 5204 tn
1508 5155 1592 5206 rust.
1610 5159 1713 5208 recent
1725 5157 1754 5208 tn
1767 5160 1844 5208 textu
1862 5169 1905 5222 gr.
1925 5157 1953 5208 st
1970 5157 2094 5217 interpr.¹
2107 5153 2207 5202 ordine
2224 5151 2265 5200 is-

303 5237 388 5291 111111.
405 5240 509 5288 recent,
525 5235 608 5287 Nudi
623 5240 787 5290 ..um
1342 5234 1427 5273 verso
1444 5235 1546 5275 versam
1565 5225 1640 5278 1³⁰⁹.
1659 5226 1753 5276 versut
1772 5225 1847 5280 18⁰8.
1866 5224 2011 5290 praecedit.

268 5325 319 5383 tt)
337 5322 718 5386 suspendendorum,
737 5321 829 5386 1169,
852 5319 937 5370 ltdttt.
951 5321 1055 5372 recent.
1075 5314 1123 5382 (=
1131 5312 1224 5380 tturtp.
1309 5301 1358 5369 71)
1377 5304 1458 5357 litent
1473 5307 1554 5359 trec:
1581 5319 1718 5370 uunqnssn
1736 5344 1744 5360 .
1763 5347 1774 5364 .
1790 5310 1812 5370 .]
1831 5310 1875 5360 ste
1887 5311 1986 5371 narn,
2004 5308 2112 5370 unsgr.
2136 5301 2184 5369 (=
2199 5303 2262 5352 tert

303 5386 348 5442 δεῖ
362 5389 506 5460 παρεῖναι)
524 5391 634 5452 oportet
649 5391 757 5449 eduae,
1344 5375 1419 5438 th
1440 5374 1526 5430 lltlltt.
1542 5376 1633 5442 tm,
1653 5377 1729 5432 1891.
1745 5377 1828 5429 Fient
1845 5379 1912 5431 tneo
1929 5385 2075 5438 nerem·
