4682 5814
399 227 405 239 Ι

268 277 342 358 sor
833 273 957 348 ann.
992 273 1106 349 uun
1138 273 1343 348 sontem
1378 271 1716 347 aanocoorcs„
1776 329 1780 334 .
2114 383 2121 396 ,
2201 282 2262 365 u,

274 507 280 514 -
322 457 421 528 Mes.
442 449 561 544 Quam
580 475 616 520 cs
631 444 857 542 horridos'l')
878 447 1079 544 squalidam
1103 471 1256 532 comam,
1359 452 1457 521 Mea.
1481 445 1588 530 „Non
1605 459 1813 540 paterentur
1828 445 1927 528 dira,
1943 447 2004 540 qui
2018 447 2262 526 leceruntdiral

673 573 696 618 o
721 551 856 622 miser?
1361 554 1419 622 Or.
1443 551 1513 618 Sed
1536 562 1589 620 est
1611 551 1716 620 nobis
1737 547 1926 618 translatio
1954 573 2063 620 casus.

316 665 376 735 (lt.
397 657 481 729 Non
510 651 664 742 species,
690 655 751 724 scd
776 655 867 723 lacta
890 678 949 724 me
973 651 1144 734 cruciant.
1306 647 1382 723 415
1417 655 1515 726 Mea.
1545 653 1629 723 Non
1651 653 1748 723 dicas
1770 675 1913 730 nccem;
1947 645 2015 720 hoc
2046 676 2117 723 non
2146 667 2193 725 est
2218 683 2263 729 sa·

313 767 410 836 Meo.
449 753 680 826 llorribiliter
711 757 811 825 vides
847 755 947 828 siccis
982 755 1128 848 pupillis
1168 777 1255 823 ocu·
1725 753 1867 846 pienter
1892 754 2037 824 dictum.

678 858 811 927 lorum.
1357 861 1417 929 Or.
1460 855 1500 926 ln
1532 852 1719 926 Phoebum
1757 857 1939 926 iubentem
1969 858 2133 947 perficere
2161 859 2264 930 matris

262 967 338 1041 ³90
372 970 431 1038 Or.
468 961 608 1052 Corpus
641 960 834 1030 evanidnm
855 973 917 1031 cst.
969 957 1038 1028 Sed
1059 957 1253 1052 nomenw)
1719 959 1876 1028 caedem.

671 1087 746 1131 non
774 1061 920 1158 reliqnit
942 1061 1068 1153 me“).
1354 1064 1452 1133 Me».
1481 1059 1652 1144 Stultior,
1678 1083 1786 1156 quarn
1801 1071 1842 1131 ut
1856 1059 1943 1132 sciat
1957 1056 2141 1132 honestum
2158 1059 2264 1131 etius?

312 1173 411 1246 Men.
434 1165 468 1236 0
491 1165 700 1236 deformitas
716 1188 894 1255 apparens
909 1161 998 1234 mihi
1013 1175 1157 1256 praeter
1174 1161 1251 1255 opi·
1358 1166 1417 1234 Or.
1444 1161 1659 1246 „servimus
1681 1161 1780 1246 Diis,
1801 1162 1971 1257 quicquid
1998 1174 2081 1234 sunt
2102 1162 2169 1232 Dii.

438 1291 441 1300 ’
667 1267 831 1335 nionem!
1353 1267 1451 1338 Men.
1478 1265 1536 1333 An
1558 1289 1633 1335 non
1656 1265 1756 1335 iuvat
1778 1266 1911 1356 Apollo
1936 1279 1971 1335 te
1992 1265 2030 1335 in
2053 1260 2240 1336 hiemalis?

313 1380 373 1448 Or.
395 1370 462 1440 llic
483 1396 562 1442 sum
583 1369 709 1439 matris
736 1391 837 1438 meac
864 1368 1015 1439 miserae
1038 1363 1230 1437 homicida.
1305 1365 1380 1442 420
1408 1372 1468 1440 Or.
1491 1367 1706 1448 Cunctaturt
1729 1365 1791 1436 Dii
1809 1379 1929 1438 autem
1946 1380 2029 1438 sunt
2045 1368 2131 1436 tales
2145 1377 2263 1434 natura.

311 1480 409 1549 Men.
432 1473 586 1555 Audivi,
611 1495 718 1564 parce
742 1471 861 1540 dicere
885 1472 980 1540 mala
1009 1470 1066 1538 vel
1088 1491 1185 1537 raro.
1352 1472 1451 1543 Men.
1475 1469 1593 1562 Quam
1612 1470 1762 1554 diceet,
1780 1473 2010 1564 quodmatcr
2026 1469 2171 1540 extincta
2187 1463 2249 1536 est?

314 1584 374 1652 Or.
398 1577 534 1656 Parco;
555 1579 710 1646 daemon
730 1585 849 1642 autem
875 1587 928 1644 est
947 1573 1046 1642 dives
1068 1571 1172 1640 malis
1190 1569 1251 1638 ad·
1356 1576 1416 1644 Or.
1443 1573 1568 1644 Sextus
1590 1567 1648 1642 hic
1669 1573 1745 1644 dies
1768 1585 1840 1656 est,
1864 1595 1975 1663 rogus
1998 1567 2111 1642 adhuc
2131 1573 2220 1640 calet.

673 1699 796 1746 versus
818 1701 888 1746 me.
1353 1677 1452 1747 Mes.
1492 1674 1611 1769 Quam
1643 1674 1714 1744 cito
1747 1697 1766 1742 a
1801 1686 1835 1744 te
1856 1675 2074 1746 Eumenides
2100 1683 2264 1767 reposcunt

261 1777 338 1852 895
374 1783 473 1853 Meo.
508 1777 607 1871 Quid
640 1777 705 1847 tibi
738 1777 890 1848 accidit?
925 1775 1004 1873 quis
1035 1775 1184 1860 morbus
1215 1786 1250 1844 te
1715 1778 1926 1868 sanguinem
1948 1775 2099 1848 matris?

667 1877 811 1973 perdit?
1354 1883 1415 1951 Or.
1432 1877 1516 1950 Non
1531 1878 1803 1976 sapienterffl).
1856 1879 1974 1963 „Vera
1991 1882 2109 1952 dicens
2125 1877 2225 1948 malus
2236 1897 2262 1942 cs

313 1987 373 2057 Or.
402 2036 425 2067 „
435 1981 678 2066 Conscientia,
718 1985 814 2075 quod
847 2005 926 2054 sum
961 1975 1050 2049 mihi
1088 1977 1249 2049 conscius
1712 2006 1795 2074 erga
1820 1984 1967 2056 amicos.

677 2085 799 2155 secisse
822 2081 1025 2178 atrocia⁸¹).
1301 2077 1377 2160 425
1407 2088 1504 2157 Men.
1529 2082 1627 2176 Quid
1649 2083 1714 2155 tibi
1740 2085 1909 2156 conducit
1928 2085 2085 2154 vindicta
2111 2077 2230 2174 patris?

312 2189 411 2261 Meo.
434 2186 629 2278 Quomodo
653 2185 797 2280 inquis?
848 2187 980 2280 „Quod
997 2181 1249 2276 euimsapien-
1354 2191 1413 2260 or.
1449 2186 1632 2258 Nondum.
1683 2184 1755 2270 „ld
1784 2189 1882 2281 quod
1911 2200 2118 2272 cunctatur,
2156 2193 2202 2254 est
2228 2177 2262 2247 si-

414 2315 417 2322 *
448 2301 503 2358 ter
527 2289 677 2373 dicitur,
702 2290 838 2359 clarum
853 2301 926 2373 est,
946 2312 1022 2358 non
1046 2287 1249 2358 obscurum.
1715 2289 1801 2360 mile
1824 2289 1957 2362 inutili.

313 2395 373 2463 Or.
397 2389 559 2462 Tristitia
584 2390 740 2462 maxime
763 2392 943 2462 consumit
963 2417 1032 2460 me.
1351 2395 1448 2464 Mea.
1498 2391 1694 2485 Quomodo
1735 2391 1861 2463 civitas
1893 2406 1946 2464 est
1977 2417 2061 2484 erga
2089 2403 2122 2462 tc
2151 2385 2263 2462 allecta,

308 2495 408 2566 Meo.
438 2491 504 2563 Est
527 2517 634 2564 saeva
660 2495 747 2576 dea,
772 2497 833 2565 sed
855 2507 976 2563 tamen
1002 2488 1197 2584 placabilis.
1713 2519 1793 2564 cum
1818 2491 1906 2565 hacc
1925 2493 2078 2567 leceris?

259 2591 335 2666 400
365 2597 425 2668 Or.
456 2594 574 2664 Etiam
596 2598 757 2679 furores,
793 2598 856 2691 qui
882 2595 1102 2667 ulciscuntur
1124 2589 1249 2660 matris
1354 2604 1413 2672 or.
1440 2597 1498 2668 Sic
1521 2620 1601 2665 sum
1624 2595 1662 2665 iu
1682 2597 1787 2680 odiu,
1808 2610 1850 2667 ut
1871 2623 1980 2669 numu
1997 2625 2054 2669 mu
2076 2595 2263 2684 alloquatur.

423 2710 427 2718 '
671 2701 828 2770 caedem.
1351 2706 1450 2775 Men.
1478 2698 1564 2771 Non
1594 2699 1790 2794 purificasti
1813 2702 1858 2771 ab
1883 2701 1945 2772 illo
1968 2699 2140 2794 sanguine
2160 2705 2263 2762 manu!

310 2802 408 2875 Men.
430 2799 587 2893 Quando
612 2799 776 2891 incepisti
797 2797 941 2871 succi-e?
965 2821 1057 2893 quae
1071 2794 1146 2868 dics
1172 2808 1248 2865 tum
1714 2802 1811 2873 iuxta
1835 2803 1955 2896 leges?

675 2900 777 2972 erat?
1301 2902 1377 2976 450
1403 2907 1462 2977 Or.
1484 2901 1623 2974 Eiicior
1646 2931 1688 2976 cx
1710 2905 1877 2978 omnibus
1891 2907 2078 2988 domibus,
2100 2923 2167 2998 quo
2181 2891 2265 2962 vado·

310 3008 371 3078 (lt.
395 3003 476 3096 Qua
500 3001 558 3072 die
573 3003 739 3074 miseram
753 3017 910 3074 matrem
934 3001 1083 3072 oneravi
1097 3000 1248 3070 tumulo.
1351 3012 1451 3081 Meu.
1480 3007 1553 3100 Qui
1576 3007 1670 3078 cives
1695 3020 1834 3078 certant
1857 3023 1892 3080 tu
1915 3011 2045 3082 eiicere
2071 2991 2236 3077 exterra?

307 3109 406 3180 Meo.
432 3105 491 3175 An
514 3104 633 3190 domi,
657 3130 703 3174 an
729 3109 886 3179 assidens
910 3107 954 3176 ad
978 3101 1132 3196 rogum?
1355 3114 1415 3185 or.
1445 3109 1567 3196 Oen,
1590 3110 1773 3204 imputans
1796 3113 1891 3204 patri
1914 3115 2060 3196 odium,
2089 3105 2178 3202 quod
2200 3119 2265 3168 con·

308 3213 368 3281 0r.
390 3209 509 3280 Noctu
533 3209 736 3280 custodiens
759 3210 1004 3280 collectionem
1029 3206 1174 3278 ossium.
1714 3214 1808 3306 cepit
1832 3219 1880 3286 ad
1901 3214 2068 3288 Troiam.

256 3306 333 3382 405
358 3317 457 3386 Men.
482 3310 619 3383 Aderat
641 3313 788 3406 aliquis,
811 3313 874 3407 qui
896 3314 1125 3382 confirmaret
1145 3319 1248 3376 tuum
1353 3320 1451 3406 Men.
1488 3313 1664 3408 lntelligo.
1715 3317 1908 3389 Ulciscitur
1939 3333 1976 3390 te
2005 3320 2053 3390 ob
2079 3333 2192 3384 necem
2211 3301 2265 3372 Pa·

677 3415 831 3506 corpus?
1718 3419 1881 3495 lamcdis.

266 3513 275 3520 .
310 3518 369 3586 Or.
394 3515 566 3608 Pylades,
591 3516 653 3609 qul
677 3517 785 3587 slmttl
806 3517 890 3586 lecll
912 3517 1056 3585 caedem
1078 3510 1215 3582 maltis·
1354 3523 1413 3593 Or,
1449 3519 1534 3590 Non
1560 3534 1680 3592 tamen
1705 3535 1783 3593 erat
1804 3523 1879 3630 εἰν
1901 3525 2100 3617 particum
2131 3537 2189 3610 pet·
2211 3521 2265 3576 litt

306 3619 406 3689 Men.
432 3615 465 3684 A
489 3618 618 3712 quibus
641 3621 789 3711 spectris
813 3619 863 3690 sic
888 3619 1034 3688 affectus
1059 3615 1120 3687 es?
1714 3649 1836 3717 put-uu,
1883 3637 1890 3654 ·

309 3722 369 3792 0r.
400 3718 507 3790 Visus
536 3745 615 3791 sum
648 3735 720 3792 tres
752 3723 889 3814 puellas
920 3721 1043 3791 videre
1073 3717 1171 3789 nocti
1202 3715 1259 3794 si<
1300 3711 1375 3797 435
1399 3725 1498 3796 Men.
1521 3725 1612 3820 Quis
1634 3740 1687 3798 est
1707 3727 1822 3798 alius?
1844 3751 1892 3798 an
1915 3729 2047 3826 aliquis
2070 3753 2111 3797 er
2131 3705 2266 3810 Aegisthi

665 3825 779 3895 miles.
1716 3829 1865 3903 amicis?

306 3927 406 3998 Meo.
446 3923 561 4012 Novi,
598 3952 687 4022 quas
714 3926 852 4006 disistit
883 3949 1093 4020 nuncupare
1126 3934 1246 3994 autem
1353 3934 1412 4002 Or.
1450 3925 1511 3998 lsti
1542 3954 1599 4001 me
1630 3947 1916 4026 persequuntur,
1950 3959 2041 4028 quos
2071 3951 2163 4000 nsrnc
2187 3913 2267 3991 audit

668 4031 766 4102 nolo.
1710 4036 1845 4108 civitas.

170 4115 181 4122 ’
257 4122 333 4197 410
357 4133 416 4201 Or.
441 4127 588 4202 Atroccs
609 4133 704 4202 enim
730 4130 883 4227 sunt⁸¹),
908 4131 1061 4225 insipide
1084 4153 1128 4198 ne
1151 4127 1247 4198 dixe·
1350 4135 1448 4208 Meu.
1479 4132 1573 4205 Sinit
1602 4149 1636 4206 te
1667 4138 1791 4210 civitas
1813 4135 1947 4210 habere
1979 4149 2118 4231 sceptra
2139 4133 2266 4224 Agame*

663 4235 732 4317 ris,
757 4259 855 4306 cave.
1707 4241 1878 4312 nunonis?

197 4373 210 4380 -
306 4331 405 4402 Meu.
438 4327 537 4422 Ipsae
560 4346 593 4402 tc
618 4337 664 4403 ob
695 4338 821 4406 matris
845 4333 987 4402 caedem
1009 4329 1215 4423 exagitant?
1353 4341 1412 4409 Or.
1450 4337 1666 4429 Quomodo,
1698 4343 1761 4436 qui
1791 4369 1865 4414 uon
1898 4344 2023 4417 sinunt
2050 4366 2107 4414 me
2135 4327 2266 4424 amplltts

308 4433 369 4504 Or.
400 4429 468 4503 llei
492 4437 798 4528 persecutionem,
822 4461 894 4532 qua
917 4432 1025 4504 miser
1048 4434 1220 4526 exagitor.
1716 4445 1861 4517 vivere?

257 4603 465 4647 *--.-
1349 4543 1448 4614 Men.
1481 4539 1578 4634 Quid
1604 4545 1789 4632 facientes,
1820 4550 1917 4642 qnod
1937 4549 2051 4642 possis
2071 4525 2163 4615 'milri
2191 4535 2266 4606 clarc

1712 4650 1854 4722 dicere?

288 4717 672 4842 aelgg'fflfflfflm'
699 4723 793 4786 ’Μ’
818 4725 915 4785 ⁸¹²¹¹¹''
941 4723 1063 4789 *¹⁰⁸3*
1089 4723 1163 4788 ⁹⁵¹⁴
1196 4725 1245 4774 Μ·
1299 4742 1375 4817 440
1400 4749 1460 4818 Or.
1486 4745 1650 4820 Calculus
1672 4753 1806 4824 leretur
1829 4766 1952 4824 contra
1981 4777 2049 4822 nus
2070 4746 2137 4820 hoc
2157 4741 2219 4812 die·

289 4871 337 4936 rs)
358 4873 468 4942 notun]
487 4876 548 4926 suta
566 4876 629 4926 voa
647 4876 674 4926 tn
690 4877 737 4928 uo.
752 4877 824 4928 taos.
843 4877 870 4926 u
890 4881 975 4940 πως.
996 4877 1165 4938 asserturum
1186 4881 1245 4929 est:
1349 4851 1448 4920 Meo.
1481 4851 1540 4918 An
1568 4865 1608 4922 ut
1637 4858 1810 4929 concedas
1834 4857 1872 4926 in
1897 4857 2064 4938 exilium,
2093 4849 2147 4918 vel
2175 4845 2266 4911 iuter-

326 4943 438 4994 sctttcet
457 4947 623 4996 matricidae.
1714 4959 1864 5044 fictoris,
1881 4961 1939 5029 vel
1953 4955 2053 5027 non?

288 5023 653 5156 ⁸⁰l·.‚”.⁰.“u⁴?¹'ttttttl
678 5045 725 5151 tt
746 5031 981 5164 ltlt‘tdffila..
998 5033 1246 5164 ”tutatuta
1351 5057 1410 5125 θ’·
1440 5053 1491 5124 Ut
1514 5054 1708 5128 interficiar
1732 5085 1752 5130 ὃ
1779 5063 1915 5134 civibus
1938 5049 2215 5154 larid³t⁵⁰¹¹⁸⁸¹l

325 5163 407 5214 tacut
421 5169 495 5230 μοι).
1299 5195 1496 5213 --..-..

180 5295 185 5300 -
292 5247 340 5312 ⁸¹)
361 5250 430 5299 Huic
450 5253 545 5302 versut
562 5253 590 5303 tn
609 5265 697 5312 nors.
715 5233 800 5311 utttt'.
815 5259 909 5320 ¹558..
931 5257 1004 5308 tosa.
1021 5257 1163 5320 adscripta
1181 5261 1246 5308 sunt
1331 5259 1398 5318 82c)
1418 5263 1478 5312 Non
1492 5259 1655 5328 raulcone]
1669 5261 1709 5312 stc
1723 5264 1806 5316 ttdttt.
1821 5263 1908 5322 totta,
1924 5261 2008 5324 latit
2028 5256 2107 5321 quast
2118 5243 2222 5314 legisset
2233 5229 2262 5286 Oi

327 5321 428 5370 veros:
447 5321 638 5374 consulentiae
656 5324 708 5373 vts.
1368 5329 1482 5392 capsim
1498 5331 1705 5391 sacramanto
1717 5329 1762 5397 (=
1772 5331 1869 5394 Eurip.
1878 5324 2026 5396 direptis)
2037 5325 2114 5376 ttaod
2126 5317 2262 5382 sopteoset.

290 5401 339 5468 82)
357 5407 475 5455 Atroces
500 5406 572 5456 eoin
594 5406 681 5473 suast]
709 5410 750 5458 sio
775 5410 858 5462 Editt.
881 5411 973 5476 lm,
999 5413 1095 5476 dorm,
1122 5415 1245 5478 Altam
1331 5415 1381 5472 8³)
1400 5413 1590 5480 lapidadant-‚J
1609 5416 1752 5466 slo'ltdttt.
1774 5417 1867 5476 1562..
1887 5393 2263 5477 on=1.‚srosgr.;ttt·¹⁵⁵⁸·

273 5537 277 5544 ἡ
323 5473 374 5521 uu.
395 5473 469 5524 taos.
488 5477 605 5526 Atroccs
623 5477 742 5540 quiden.
1269 5477 1276 5542 Ι
1368 5483 1475 5546 lapides
1493 5497 1570 5535 uoce.
1589 5486 1698 5548 (tortu.
1717 5483 1839 5554 λευσίμῳ
1857 5481 2038 5553 πετρώματι).
