4600 5804
254 157 330 228 aas
810 114 958 232 'euru
992 159 1108 236 uun.
1138 163 1340 246 scurra
1367 173 1702 256 auuotooma.
1845 151 1848 158 ’
2195 201 2247 276 ua

299 328 441 400 Restiti.
477 324 537 446 ’lbi
554 325 629 444 vidi
645 321 806 398 Rhesum
821 327 931 448 veluti
948 329 1073 452 Deum
1342 353 1441 422 Hert.
1469 349 1527 421 Tu
1543 365 1636 423 recte
1653 374 1779 428 moues
1796 369 1831 431 et
1848 375 2051 454 opportune
2074 371 2248 453 considerat
2282 415 2283 432 .

300 433 459 504 Stantem
476 454 511 498 m
528 454 627 524 equts
645 443 679 498 et
696 425 962 506 Thracensrbus
979 437 1154 508 curribus.
1293 447 1368 522 340
1392 449 1770 530 Armaqussecundum
1788 487 1969 540 ,ermom
1984 473 2102 542 mum-i

298 534 417 606 Aurea
433 533 528 603 bulla
547 532 675 602 collum
693 531 865 650 iugalium
1345 549 1485 629 Rhesus
1501 559 1594 628 adsit
1611 561 1801 634 auxiliator
1817 559 1901 638 huic
1917 581 2045 644 terrae.

298 637 484 733 Equorum
501 635 690 706 claudebat
705 659 788 704 mve
805 635 1051 709 candidiorem
1064 667 1072 718 ;

249 737 323 812 805
351 741 451 810 Pelta
469 741 508 808 in
522 734 681 808 humeris
698 739 814 810 aureis
832 740 953 830 figuris
1634 710 1853 811 [Sll'wle
1880 719 1943 820 1·]

297 845 327 914 F
329 843 490 936 ulgebat;
513 841 637 934 Gorgo
657 865 743 910 vero
759 840 907 911 velutin
923 842 1080 916 Palladis
1097 845 1220 940 clypeo
1343 842 1441 914 otor.
1468 845 1658 933 Adrastia,
1684 847 1778 924 lovis
1794 855 1884 942 lilia,
2014 867 2020 881 '

296 947 447 1028 Ferrea,
471 943 584 1015 fronti
601 967 776 1037 equorum
793 943 956 1035 alligata,
1343 940 1541 1020 Prohibeas
1559 953 1801 1043 arrogantiam
1820 959 1910 1040 oris;

300 1051 391 1120 Cum
406 1047 528 1118 multis
543 1046 636 1117 nolis
651 1047 831 1138 strepebat
850 1045 1069 1118 terribiliter.
1342 1043 1470 1120 Dicam
1485 1052 1601 1137 enim,
1628 1079 1861 1154 quaecunque
1880 1087 1959 1132 meo

298 1150 567 1224 Multitudinem
585 1149 756 1254 erescitus
772 1172 888 1243 neque
906 1147 1099 1220 iuratione
1118 1152 1243 1222 calculi
1293 1143 1368 1218 845
1393 1148 1526 1224 Animo
1543 1169 1642 1246 grata
1663 1172 1757 1231 sunt.

250 1257 325 1328 810
352 1256 492 1324 Ponere
514 1276 677 1346 possum:
718 1253 807 1321 adeo
837 1253 1053 1324 immensum
1086 1269 1162 1326 erat
1191 1255 1243 1323 vi·
1344 1253 1457 1339 Ades,
1483 1281 1505 1326 o
1521 1257 1678 1330 fluminis
1694 1261 1764 1348 lili,

660 1355 756 1426 dere,
1344 1353 1459 1441 Ades,
1483 1362 1780 1457 appropinquasti
1795 1369 1839 1436 ad
1859 1369 1978 1439 aulam
1999 1371 2118 1460 amici,

297 1461 410 1532 Erant
441 1460 546 1572 multi
578 1457 715 1555 equites
742 1457 908 1528 etmulti
935 1471 1156 1530 scutatorum
1185 1483 1242 1529 or·
1344 1457 1555 1532 Veneranda
1569 1467 1745 1556 persuasit
1761 1481 1795 1536 tc
1814 1473 1959 1542 tandem

543 1627 559 1652 ,
662 1560 783 1643 diues,
1345 1559 1448 1632 Musa
1464 1578 1601 1652 mater,
1627 1580 1661 1636 at
1675 1565 1833 1661 pulchris
1848 1573 2018 1664 pontibus
2032 1578 2195 1651 instratus

298 1665 346 1735 Et
361 1665 464 1736 multi
479 1665 710 1745 iaculatores,
737 1673 773 1730 et
790 1661 901 1730 multa
917 1663 1022 1732 turba
1295 1657 1369 1734 850
1394 1665 1542 1739 Fluvios
1560 1671 1657 1740 ducit
1675 1685 1709 1742 te
1726 1669 1796 1744 huc
2102 1669 2109 1678 ’

298 1767 404 1838 Levis
420 1779 624 1837 armaturae
641 1765 855 1858 sequebatur
870 1765 909 1833 iu
924 1759 1081 1836 Thracio
1102 1765 1242 1837 vestitu.

300 1869 516 1940 Huiusmodi
531 1863 666 1938 Troiae
684 1867 800 1938 socius
818 1869 917 1938 adest
937 1867 1012 1953 vir,
1580 1835 1899 1938 [Alill'ml’l‘
1935 1845 1995 1946 l·]

249 1971 324 2045 815
349 1972 466 2066 Quem
482 1995 599 2065 neque
614 1969 772 2061 fugiens,
798 1993 914 2066 neque
931 1969 1124 2041 subsistens
1139 1965 1240 2042 hasta
1343 1971 1531 2066 Strymon:
1560 1979 1623 2071 qui
1639 1981 1725 2050 olim
1743 1985 1947 2058 cantatricis

294 2075 392 2145 Pelei
407 2075 501 2148 filius
521 2074 655 2166 poterit
672 2073 837 2166 effugere.
1343 2074 1468 2146 Musae
1483 2103 1548 2172 per
1562 2081 1720 2154 sinceros

187 2206 194 2219 ·
300 2181 399 2252 otor.
426 2177 612 2270 „Quando
629 2175 764 2247 civibus
779 2176 870 2244 bene
888 2174 1014 2247 volunt
1027 2174 1109 2258 Dii,
1343 2177 1532 2252 Volutatus
1548 2183 1663 2274 specie
1681 2209 1796 2280 aquae

300 2334 322 2364 „
332 2281 524 2351 Calamitas
539 2277 761 2350 convertitur
777 2277 815 2345 in
830 2278 986 2371 bouum.
1344 2278 1449 2352 Sinus
1467 2298 1501 2353 te
1520 2284 1652 2376 genuit.

298 2381 447 2478 uentu)
472 2381 625 2467 Multos,
652 2392 842 2476 postquam
858 2404 936 2449 mea
955 2403 1075 2474 pugna
1096 2390 1148 2448 est
1169 2379 1242 2447 for·
1294 2375 1368 2452 555
1394 2382 1452 2453 Tu
1470 2389 1680 2480 conspicuus
1695 2385 1786 2462 mihi
1800 2390 1934 2489 Iupiter

452 2565 462 2582 .
660 2496 809 2567 tuuata,
1345 2485 1453 2557 Venis
1471 2491 1627 2562 insidens
1644 2491 1746 2566 flavis
1759 2495 1871 2589 equis.

249 2593 323 2666 820
350 2589 397 2660 Et
410 2586 545 2678 Iupiter
560 2586 748 2657 nobiscum
766 2597 836 2668 est,
863 2583 1044 2653 inveniam
1065 2581 1210 2654 amicos.
1342 2588 1466 2673 Nunc,
1492 2619 1512 2660 o
1532 2595 1667 2684 patria,
1695 2593 1913 2692 onrygia,

240 2711 244 2720 '
298 2693 371 2762 Sed
386 2686 478 2760 nihil
495 2689 544 2760 eis
560 2713 650 2781 Opus
666 2683 859 2768 habemus,
885 2686 947 2779 qui
964 2684 1062 2778 prius
1344 2691 1501 2763 Favente
1516 2695 1613 2780 Deo,
1639 2721 1735 2767 nunc
1752 2699 1818 2769 tibi
1832 2702 2062 2776 liberatorem

299 2796 385 2866 Nou
399 2817 469 2864 uua
491 2792 767 2874 laboraverunt,
794 2792 939 2884 quando
954 2785 1131 2858 violentus
1144 2783 1242 2858 Mars
1344 2791 1464 2864 lovem
1478 2797 1597 2868 licebit
1611 2800 1810 2871 nominare.

300 2893 493 2991 Quassavit
510 2895 587 2965 vela
606 2889 712 2964 huius
728 2905 844 2961 terrae
860 2889 997 2960 duriter
1014 2885 1166 2980 spirans.

264 3030 269 3039 ¹
296 2997 439 3071 Rhesus
454 3021 541 3067 vero
558 2996 732 3080 ostendit,
759 2993 874 3088 qualis
887 2994 933 3064 sit
942 2989 1075 3062 Troiae
1091 2991 1242 3062 amicus:
1639 2950 1849 3052 [sarapte
1871 2956 1936 3058 Ζ]

250 3100 325 3178 825
352 3101 426 3197 Qui
440 3099 538 3170 venit
562 3101 609 3169 ad
633 3099 775 3190 epulas,
806 3120 882 3166 nou
907 3117 1074 3189 praeseus
1096 3107 1243 3165 venato-
1267 3035 1272 3150 l
1295 3085 1370 3156 860
1396 3085 1491 3178 Ergo
1509 3112 1631 3160 rursus
1647 3091 1796 3186 antiqua

661 3201 760 3270 ribus
1346 3186 1457 3258 Troia
1477 3193 1669 3264 celebrabit
1682 3206 1777 3266 totos
1792 3196 1867 3268 dies
1880 3193 2155 3292 propinatorios

303 3306 534 3398 Capientibus
566 3305 766 3396 praedam,
818 3324 934 3396 neque
968 3322 1040 3371 una
1076 3298 1243 3370 laborans
1347 3289 1477 3363 Coetus
1492 3318 1677 3380 amorum,

655 3407 762 3476 bello.
1303 3431 1304 3434 ¹
1346 3391 1540 3466 Cantilenis
1556 3409 1590 3465 et
1602 3397 1814 3488 poculorum
1833 3405 2036 3480 temulentis

192 3511 195 3533 '
305 3513 405 3584 otor.
431 3509 540 3578 Recte
557 3508 695 3600 spernis
712 3519 747 3577 et
760 3497 992 3595 reprehendis
1008 3503 1157 3574 amicos:
1345 3493 1491 3568 Vicibus
1508 3500 1822 3591 propinationum:

302 3613 443 3682 Tamen
456 3612 607 3703 recipias
623 3610 781 3680 volentes
798 3609 922 3676 iuvare
938 3607 1128 3675 civitatem.
1296 3594 1370 3669 865
1395 3599 1467 3668 Per
1483 3625 1580 3670 mare
1596 3601 1733 3673 Atridis

299 3721 396 3788 Hert.
421 3716 621 3786 sufficimus
635 3737 702 3784 uos
717 3708 762 3781 ad
778 3710 991 3782 servandum
1008 3706 1125 3778 ilium.
1345 3700 1511 3792 Spartam
1527 3705 1738 3776 abeuntibus
1751 3729 1772 3775 a
1787 3705 1907 3780 littore
1920 3707 2041 3784 lliaco.

252 3820 326 3891 880
353 3823 451 3892 Odor.
479 3819 588 3889 Putas
601 3813 675 3886 iam
694 3829 727 3908 te
744 3811 865 3884 hostes
881 3809 1037 3904 cepisse?
1346 3803 1380 3874 Ο
1397 3807 1527 3890 amice,
1553 3807 1691 3878 utinam
1708 3805 1797 3878 mihi

302 3926 398 3994 uere.
425 3923 539 4007 Puto,
566 3923 674 4015 idque
692 3919 855 3989 ostendet
869 3939 1021 4010 sequeus
1037 3913 1122 3984 dies.
1345 3907 1424 3978 Tua
1443 3934 1550 3980 mauu
1569 3923 1604 3979 et
1619 3925 1678 3982 tua
1698 3905 1800 3982 hasta
1831 3926 1834 3932 '

305 4025 401 4096 Ghor.
434 4023 576 4110 „Vide,
608 4023 695 4117 quid
717 4021 762 4090 sit
783 4021 961 4097 futurum
1002 4017 1113 4086 multa
1138 4011 1245 4082 vertit
1346 4009 1443 4081 llaec
1459 4013 1611 4082 efficiens
1628 4016 1776 4083 domum
1796 4017 1998 4088 revertaris.

304 4231 400 4297 Heca.
425 4227 497 4296 Odi
512 4250 592 4296 sero
609 4123 779 4318 opitiilhsri
795 4219 929 4290 amicis.
1500 4279 1502 4284 ,
1585 4179 1900 4280 [A'lll'l'l'i'l‘
1920 4183 1989 4282 8·]

302 4333 396 4400 Nam.
423 4329 457 4398 Ο
473 4353 552 4412 rex,
577 4329 747 4420 repellere
762 4324 898 4405 socios,
923 4320 1086 4390 odiosum
1104 4329 1173 4398 est;
1297 4317 1373 4390 870
1398 4317 1509 4403 Veni,
1536 4345 1762 4412 compareas,
1789 4341 1937 4394 auream

255 4427 330 4502 885
365 4432 515 4502 Terrori
550 4431 645 4500 enim
680 4425 808 4524 erit¹⁴)
840 4423 1001 4496 hostibus
1037 4433 1244 4517 conspectus
1346 4419 1484 4490 Peltam
1500 4421 1645 4492 Pelidae
1661 4415 1807 4494 obiicias
1824 4428 1868 4496 ad
1892 4429 2030 4500 oculum

663 4545 816 4602 tantum.
1345 4521 1539 4617 Obliquum
1553 4524 1674 4595 levans
1691 4551 1710 4594 a
1726 4525 1823 4610 solo,

245 4639 248 4648 ’
308 4641 405 4710 Char.
433 4638 500 4709 Hic
520 4640 662 4733 itaque,
695 4635 780 4729 quia
805 4630 967 4712 advenit,
1001 4653 1076 4698 non
1099 4627 1242 4722 quidem
1344 4623 1492 4695 Certans
1507 4627 1671 4698 manibus
1687 4629 1886 4720 etpedibus
1902 4635 1996 4722 apud
2013 4656 2181 4718 catorum,

665 4741 802 4822 socius,
1343 4727 1497 4800 Vibraus
1510 4730 1729 4822 bicuspidum
1748 4727 1900 4804 hastam.

306 4841 375 4911 Sed
389 4840 517 4938 hospes
532 4845 578 4914 ad
595 4869 755 4914 mensam
771 4837 892 4910 veniat
904 4831 1096 4926 hospitum.
1295 4827 1370 4904 875
1397 4829 1451 4900 Te
1468 4833 1563 4902 enim
1580 4833 1699 4906 nullus
1715 4836 1890 4908 sustinens

306 4943 431 5016 Gratia
447 4949 541 5016 enim
559 4945 593 5016 ei
609 4947 875 5016 Priamidarum
892 4937 1010 5032 periit.
1345 4933 1497 5004 Saltahit
1512 4959 1670 5030 unquam
1688 4937 1726 5005 in
1743 4941 1876 5030 templo
1892 4939 2046 5031 Argivae
2062 4941 2227 5018 lunonis;

1346 5035 1416 5108 Sed
1432 5063 1513 5107 eum
1529 5035 1617 5110 haec
1632 5052 1724 5110 terra

295 5167 342 5225 to)
358 5167 456 5225 lieet]
474 5167 513 5216 sto
534 5166 617 5216 uottt.
639 5167 742 5214 recent.
762 5173 848 5224 oeque
868 5171 900 5208 so
917 5157 966 5210 Ed.
985 5157 1069 5208 uastt.
1090 5155 1182 5216 toot.;
1218 5152 1244 5202 in
1345 5139 1529 5212 Mortuum
1547 5137 1702 5211 Thracio
1716 5143 1790 5210 fato

325 5235 410 5288 mm·
425 5235 512 5297 Μ’
532 5233 608 5282 ¹⁶⁶²·
625 5233 713 5330 Ψ·
1347 5237 1602 5314 Charissimum
1619 5268 1709 5314 onus
1723 5245 1823 5314 leret.

293 5319 340 5384 rt)
359 5319 431 5369 enlm
448 5319 516 5378 ortt]
535 5318 576 5366 slo
593 5317 676 5364 uoto.
692 5315 782 5378 ¹562,
813 5315 911 5374 burm,
944 5313 1065 5374 tturgm
1102 5308 1243 5362 11111588.

327 5387 381 5437 ,ῆι
398 5387 478 5438 m,
1296 5344 1371 5417 880
1396 5343 1455 5429 lo,
1482 5345 1674 5418 omaxime
1690 5369 1771 5432 rex,
1797 5347 1985 5436 epimium,
2012 5376 2033 5419 o
2048 5348 2218 5430 Thracia,
