4600 5804
40 249 118 328 ιιι
483 245 605 320 ιιιιι
665 245 1063 324 mranrnarnno
1097 243 1344 322 rnonnuu
1373 241 1623 322 EURIPIDIS.
1684 229 1692 242 '
1995 267 2070 340 ιιι

79 421 185 518 Oqui
202 419 433 492 existimas-te
450 417 587 513 aliquid
602 423 726 514 magni
738 423 854 496 lacere
863 424 932 522 ⁸¹),
1019 368 1033 466 l
1119 421 1203 490 Non
1223 443 1375 491 numero
1401 431 1561 506 tantum,
1600 425 1663 494 sed
1693 438 1728 496 et
1749 424 1932 526 Phrygum
1963 461 2067 532 prae.

79 525 121 596 Et
136 549 190 594 me
206 535 386 594 mortuam
401 520 530 605 valles,
554 526 762 621 hudamque
778 527 926 600 eiectam

76 631 172 722 Aqua
190 627 303 698 fluens
319 647 432 718 prope
452 621 679 717 sepulchrum
696 630 819 722 sponsi

1477 525 1725 602 stantissimos.

1117 623 1223 697 Nulla
1240 623 1400 694 Troiana
1419 648 1535 718 neque
1554 627 1691 700 Graeca
1707 623 1825 729 neque
1842 639 1997 710 barbara
2065 723 2069 728 ¹

36 728 100 804 450
118 729 268 802 llabunt
281 727 404 800 bestiis
418 725 680 819 diripiendam,
708 756 772 802 sne
789 732 1010 804 sacerdotem
1116 727 1234 798 Mater
1251 729 1300 797 ita
1316 730 1360 798 de
1375 723 1496 798 liberis
1512 729 1659 820 gloriari
1674 748 1802 826 potest.

425 827 615 923 Apollinis.

1114 827 1197 901 lllos
1212 831 1344 902 liberos
1360 831 1434 899 vidi
1451 831 1674 918 interfectos,

75 935 279 1008 Ocoronae
304 929 505 1004 charissimi
524 930 617 1004 mihi
631 933 813 1022 Deorum,
848 949 883 1007 et
906 959 1010 1005 orna·
1065 932 1139 1004 480
1164 931 1211 1002 Et
1224 935 1320 1004 secui
1340 933 1487 1025 capillos
1504 937 1548 1003 ad
1567 939 1744 1006 tumulum
1761 955 2009 1032 mortuorum,

425 1047 549 1106 menta
569 1037 735 1124 fatidica,

74 1139 207 1220 Valete;
255 1139 422 1234 relinquo
451 1139 558 1224 festa,
598 1141 727 1236 quibus
758 1138 917 1235 anteass)
949 1141 1009 1210 de·

426 1241 586 1312 lectabar
648 1245 668 1324 f

74 1341 243 1416 Discedite
258 1367 279 1413 a
295 1343 367 1414 mei
381 1342 543 1436 corporis
558 1311 892 1430 dilacerationibus,
919 1369 1009 1442 quo-

426 1445 528 1515 niam
546 1443 663 1520 adhuc
679 1475 759 1521 sum
776 1462 883 1521 casta.

73 1547 122 1620 llo
138 1547 308 1622 celeribus
323 1549 420 1621 auris
436 1547 584 1620 ferenda
600 1546 708 1638 haec,
742 1577 834 1646 quae
855 1550 921 1622 tibi
947 1573 991 1617 va

427 1651 575 1722 ticinata
600 1678 691 1727 sum.

33 1749 93 1826 465
114 1753 184 1825 Ubi
200 1759 254 1825 est
268 1751 369 1826 navis
386 1753 513 1840 ducis,
528 1755 592 1825 ubi
610 1769 752 1850 oportet
772 1781 829 1826 me
851 1781 930 1826 eam
952 1755 1005 1824 in-

424 1856 619 1928 scandere?

71 1959 144 2030 Non
161 1971 256 2030 certe
271 1957 420 2030 evitabis
434 1973 580 2030 ventum
597 1959 685 2032 velis
701 1975 908 2054 expectans,

1111 1033 1157 1104 Et
1173 1049 1311 1127 patrem
1329 1037 1514 1106 Priamum
1532 1063 1605 1106 non
1622 1040 1667 1107 ab
1685 1039 1763 1112 aliis

1111 1137 1269 1210 Audiens
1285 1139 1430 1219 deflevi;
1458 1141 1519 1208 scd
1535 1136 1590 1211 his
1607 1142 1717 1213 oculis
1736 1145 1809 1213 vidi

1111 1237 1338 1312 interiectum
1355 1244 1400 1311 ad
1416 1241 1591 1312 Herceam
1611 1267 1733 1329 aram,

1111 1341 1157 1412 Et
1179 1345 1303 1414 urbem
1331 1346 1529 1416 cadentem.
1582 1347 1681 1440 Quas
1706 1370 1792 1418 vero
1814 1351 1964 1420 educavi
1985 1354 2054 1423 vir-

1465 1471 1565 1539 grues

993 1591 1006 1602 ·
1060 1545 1135 1622 485
1161 1548 1217 1617 Ad
1234 1548 1424 1639 dignitates
1439 1573 1653 1642 sponsorum
1673 1553 1849 1643 egregias,

1109 1651 1199 1722 Aliis
1217 1650 1386 1744 educavi,
1409 1664 1499 1721 etex
1513 1653 1677 1724 manibus
1693 1651 1782 1723 mihi
1794 1665 1937 1749 ereptae
1953 1671 2052 1736 sunt;

1108 1753 1233 1848 Neque
1251 1778 1330 1845 spes
1347 1766 1416 1838 est,
1445 1759 1541 1848 quod
1558 1756 1685 1826 abillis
1701 1757 1846 1841 videar,

1107 1855 1232 1951 Neque
1248 1881 1314 1946 ego
1333 1855 1411 1926 illas
1429 1881 1588 1952 unquam
1606 1858 1735 1927 videbo
1750 1857 1918 1952 posthac,

1107 1957 1163 2027 Ad
1182 1972 1377 2030 extremum
1394 1960 1574 2050 fastigium
1596 1962 1776 2032 malorum
1976 1955 1983 1966 ’

71 2061 159 2156 Quin
175 2085 286 2134 unam
301 2059 613 2133 triumFuriarum
624 2057 744 2134 exhac
758 2088 815 2134 me
833 2066 1004 2134 abductu-
1057 2061 1132 2138 490
1157 2059 1234 2152 Ego
1253 2061 1323 2130 iam
1342 2085 1431 2132 anus
1445 2063 1602 2134 abducor
1617 2087 1740 2146 serva,
1867 2057 1870 2064 ’

421 2163 667 2237 mmmm

70 2263 165 2368 Vale,
189 2278 325 2348 maten
347 2289 393 2337 ne
409 2261 629 2362 lachrymas,
656 2294 676 2337 o
695 2262 802 2338 chara
820 2269 958 2361 patria,

70 2367 109 2438 Et
125 2394 145 2438 o
160 2369 290 2442 fratres
307 2369 441 2439 mortui
460 2382 495 2440 et
509 2395 530 2438 o
548 2384 669 2463 pater,

1106 2161 1153 2232 Et
1170 2187 1261 2258 quae
1276 2178 1438 2235 senectae
1454 2179 1537 2236 sunt
1551 2165 1751 2236 miserrima

1106 2265 1170 2336 llis
1186 2291 1242 2336 me
1260 2269 1476 2336 onerabunt:
1506 2282 1567 2338 arn
1583 2267 1749 2338 ancillam
1766 2267 1957 2336 ianuarum

1106 2367 1233 2440 Claves
1246 2392 1408 2453 servare,
1434 2383 1585 2439 matrem
1602 2371 1787 2452 Hectoris,

33 2467 91 2542 460
111 2468 217 2544 Brevi
235 2497 293 2543 me
314 2471 510 2565 excipietis,
546 2485 581 2542 et
604 2471 745 2542 veniam
774 2473 819 2542 ad
841 2485 1004 2544 mortuos
1106 2471 1180 2541 Aut
1196 2471 1355 2563 pinsere,
1382 2485 1416 2541 ct
1432 2468 1534 2541 humi
1550 2485 1699 2542 stratum
1720 2469 1852 2541 habere

419 2573 565 2658 victrix,

70 2675 278 2769 Expugnans
303 2678 449 2772 domum
471 2677 702 2762 Atridarum,
742 2701 762 2746 a
789 2675 918 2774 quibus
943 2701 1003 2769 pe-

420 2803 568 2866 tumus,

69 2881 155 2954 Olor.
171 2871 279 2967 Vos,
304 2871 454 2951 ancillae
469 2879 656 2968 Hecubae,
681 2905 756 2952 non
770 2877 915 2966 vidctis,

69 2981 162 3081 Quod
178 2981 270 3056 hera
286 2983 460 3055 exanimis
477 2986 570 3056 cadit
587 2984 624 3056 in
640 2984 819 3056 mortem?

1056 2570 1131 2649 495
1158 2571 1213 2642 Ex
1228 2573 1333 2666 regiis
1350 2575 1466 2658 lectis,
1492 2597 1624 2666 rugoso
1645 2589 1764 2666 tergo,

1105 2676 1256 2747 Laceras
1272 2677 1434 2747 indutam
1453 2677 1543 2746 circa
1562 2692 1812 2770 consumptum
1829 2699 1958 2768 corpus

1103 2778 1270 2851 Lacinias
1286 2781 1480 2864 stolarum,
1508 2803 1599 2874 quac
1617 2803 1691 2848 non
1705 2784 1832 2850 decent
1848 2765 1982 2853 licatas.

1106 2882 1165 2951 Me
1180 2883 1365 2954 miseram:
1393 2894 1542 2974 propter
1558 2883 1701 2973 nuptias
1718 2883 1824 2954 unius

1105 2985 1267 3056 Mulieris
1283 2985 1320 3054 in
1336 2985 1455 3080 qualia
1472 2986 1565 3053 mala
1583 2985 1692 3054 incidi
1710 2999 1744 3054 et
1760 2984 1941 3055 incidam?

68 3082 138 3157 Non
168 3085 391 3161 sustinebitis
414 3082 519 3157 eam?
558 3112 604 3157 an
625 3087 812 3158 dimittetis
833 3085 939 3157 cam?
980 3108 1001 3154 o
1053 3086 1131 3164 500
1157 3087 1191 3156 0
1209 3100 1247 3157 tu
1262 3088 1412 3156 attonita
1430 3087 1501 3155 filia
1519 3085 1619 3170 Diis,

353 3285 357 3292 '
422 3187 591 3282 ignavae,

31 3289 86 3360 465
109 3291 228 3363 Anum
243 3291 379 3384 lapsam
397 3285 521 3384 erigite
535 3316 691 3364 rursum.

1106 3189 1215 3285 Quali
1232 3189 1432 3258 calamitate
1447 3188 1584 3259 solvisti
1599 3201 1699 3258 tuam
1721 3185 1945 3258 castitatem?

1103 3289 1253 3387 Tuque,
1279 3317 1301 3360 o
1318 3293 1464 3375 misera,
1490 3291 1636 3360 ubinam
1656 3315 1712 3375 es,
1738 3289 1947 3384 Polyxena?

66 3397 134 3468 llec.
157 3390 276 3466 Sinite
292 3419 349 3465 me
364 3387 456 3488 (nou
478 3391 618 3493 suntfl)
640 3409 761 3490 grata,
788 3419 879 3490 quae
900 3405 1001 3464 erant
1103 3395 1154 3464 Ut
1166 3418 1282 3490 neque
1300 3420 1356 3465 me
1372 3395 1548 3478 mascula,
1574 3417 1691 3488 neque
1706 3395 1860 3464 leminea
1876 3393 2045 3474 soboles,-

68 3597 171 3672 lacere
187 3603 400 3696 collapsam:
414 3497 543 3692 odiissda
556 3601 661 3694 lapsu

69 3701 199 3789 Patior,
224 3728 330 3802 passa
346 3725 443 3788 sum,
470 3716 505 3772 ct
522 3697 638 3774 adhuc
652 3725 799 3795 passura
816 3727 907 3772 sum.

70 3805 126 3886 „0
147 3795 225 3894 Ilii,
262 3806 411 3901 ignavos
435 3803 579 3900 quidem
605 3803 837 3898 opitulatores
858 3829 922 3874 vos
947 3803 999 3870 in·

415 3933 525 3990 voco,

1104 3498 1193 3569 Cum
1209 3499 1313 3569 multi
1327 3497 1478 3594 fuerint,
1505 3497 1672 3568 miseram
1688 3494 1855 3592 iuvat⁸⁸).

1053 3596 1129 3674 505
1155 3602 1276 3697 Quare
1294 3627 1351 3672 me
1368 3600 1522 3691 erigitis,
1550 3623 1618 3695 qua
1634 3625 1695 3693 spe

1103 3704 1257 3775 Movetis
1273 3705 1463 3775 delicatum
1483 3706 1665 3798 quondam
1681 3704 1828 3796 pedem,

1102 3806 1207 3880 Nunc
1239 3821 1357 3879 autem
1390 3807 1574 3890 servilem,
1616 3807 1660 3874 ad
1691 3817 1842 3875 stratum
1870 3797 1972 3870 humi
1995 3801 2045 3867 fa-

1463 3907 1634 4004 cttun'ff),
1745 3937 1749 3942 ·

31 4001 88 4076 470
112 4006 421 4114 „Tamenhohet
453 4010 608 4105 aliquem
642 4021 866 4102 praetextum
898 4007 999 4078 invo-
1100 4011 1147 4080 Et
1162 4015 1207 4080 ad
1223 4035 1327 4082 saxea
1344 4011 1453 4079 fulcra
1472 4009 1615 4102 capitis,
1642 4021 1682 4078 ut
1698 4005 1795 4099 lapsa
1815 4027 1959 4100 peream

418 4135 498 4182 care
513 4111 629 4194 Deos,

1102 4111 1312 4208 Lachrymis
1329 4115 1493 4184 arefacta.
1547 4111 1632 4196 „Ex
1648 4111 1808 4181 felicibus
1824 4131 1933 4202 porro

69 4214 245 4306 „Quando
265 4209 845 4310 aliquisinadversamsortunam
862 4211 997 4282 incidit.
1051 4212 1126 4289 510
1167 4217 1387 4300 „Neminem
1421 4213 1617 4286 existimate
1652 4217 1795 4284 beatum
1832 4225 1913 4281 aitte
1950 4229 2043 4276 num

67 4311 220 4390 Primum
238 4314 329 4388 mihi
345 4330 488 4409 gratum
504 4331 556 4388 est
572 4313 693 4412 eloqui
706 4313 822 4397 bona,

66 4415 108 4487 Ut
127 4423 300 4492 maiorem
325 4417 673 4492 commiserationem
697 4419 852 4490 inseram
875 4437 998 4485 narra·

419 4520 510 4592 tioni
526 4524 569 4592 de
587 4523 701 4592 malis.

66 4617 203 4698 Fuimus
212 4625 260 4722 ⁸⁴)
277 4648 397 4720 reges,
423 4625 510 4692 etin
526 4625 660 4716 regiam
676 4627 823 4692 domum
840 4620 963 4716 nupsi,

28 4713 88 4792 475
112 4726 182 4798 Ubi
196 4724 305 4822 genui
322 4723 645 4822 praestantissimos
660 4717 792 4796 liberos

28 4895 211 4924 '‘h—*-

1460 4331 1531 4391 tem
1545 4317 1604 4416 ³⁷).

1419 4463 1675 4566 [scropha]

1103 4593 1200 4663 Cher.
1227 4589 1281 4659 De
1296 4587 1361 4658 llio
1381 4584 1489 4671 mihi,

1099 4693 1133 4763 Ο
1150 4693 1251 4765 Musa
1261 4712 1278 4776 ,¹
1298 4715 1429 4762 novam
1450 4691 1652 4758 cantionem

1101 4795 1196 4866 Cane
1210 4797 1249 4864 in
1263 4793 1474 4886 lachrymis,

1100 4898 1313 4969 Cantionem
1329 4895 1614 4967 convenientem.

53 5007 94 5068 ⁸¹³
110 5017 198 5077 ³⁸⁸⁰!
228 5015 351 5086 fmus]
383 5014 468 5072 lidstt·
492 5017 596 5068 1⁰0⁰¹¹l=
627 5009 847 5081 (ξ’-491434)
879 5009 996 5062 munuc:
1048 4998 1123 5074 515
1149 5002 1253 5073 Nunc
1268 5022 1414 5069 carmen
1430 4998 1474 5066 de
1489 4993 1602 5063 Troia
1620 4987 1776 5065 sonabo,

83 5081 247 5138 Graecorum
264 5089 330 5142 dux.

54 5161 94 5228 Ιἵ)
112 5174 204 5231 inm]
222 5173 271 5222 Ed.
288 5172 362 5224 too&
382 5172 478 5222 mondo
496 5174 625 5235 typogm
649 5173 742 5222 anteo.

53 5247 93 5314 ⁸²)
109 5259 187 5318 suot]
204 5259 455 5323 stomomate,
480 5259 577 5320 barn,
594 5258 717 5322 llum
749 5254 799 5306 Ed.
816 5253 892 5304 1562.
908 5251 995 5302 nale:

53 5399 581 5479 utrucnusluocanomffngae)
600 5405 997 5472 fflmt.1m‚mu,‚um.
1082 5399 1129 5464 87)
1147 5397 1179 5446 n.
1200 5395 1220 5444 l.
1244 5391 1272 5442 tn
1294 5389 1357 5440 lisd.
1380 5385 1497 5439 eruut.
1523 5384 1590 5434 noto
1612 5389 1718 5444 maru:

79 5486 169 5542 mm
190 5479 240 5529 Ed.
255 5483 332 5536 1³82.
350 5481 491 5546 Faginus.

27 5551 186 5628 Ιιιιιιτιι.
209 5563 320 5632 orno.
343 5565 430 5630 Van.
451 5566 577 5631 xvttt.

1030 5147 1219 5168 lm-.
1238 5145 1253 5153 α

1052 5235 1055 5244 “
1081 5223 1130 5292 ild)
1149 5221 1238 5284 iuvat]
1256 5219 1298 5269 sto
1314 5214 1400 5267 notu.
1419 5205 1495 5265 ibae.
1513 5211 1541 5260 st
1558 5207 1692 5268 rsoontt.;
1716 5202 1764 5256 Ed.
1781 5198 1855 5252 lasa.
1874 5199 1958 5250 iuvet.

1082 5313 1131 5370 86)
1148 5307 1222 5360 hunsl
1239 5305 1355 5364 notun]
1378 5299 1419 5351 do
1437 5298 1487 5350 Ed.
1504 5295 1596 5357 lem
1630 5291 1680 5342 Ed.
1696 5287 1769 5340 ¹562.
1786 5285 1870 5337 humi.

1753 5371 1812 5424 ntct
1842 5371 1938 5422 boatus
1969 5371 2035 5425 anto

1116 5466 1220 5518 obitum
1237 5471 1315 5514 neno
1333 5459 1422 5508 debet.

1427 5520 1477 5598 52
