4600 5804
53 179 120 256 eso
416 113 538 246 oux,
594 170 991 246 nonoenmono
1023 165 1407 244 nmommooou
1440 167 1687 246 nonnius.
1802 116 1810 122 ⁸
1898 193 1901 198 ·
1979 155 2105 258 oso¹

96 348 223 441 iupiter
237 339 328 414 mibi
341 343 494 436 gratiam
512 345 641 415 merito

97 451 215 520 Habet.
266 445 351 517 Non
366 458 471 516 erunt
485 445 545 516 Dii

96 549 276 622 luleriores
292 543 516 630 hominibus,
537 548 602 618 etsi
617 573 676 618 me
692 549 848 620 videant.

268 741 272 748 ,
382 663 590 764 [Stroplte
615 663 675 766 2.]

55 785 121 854 770
142 784 227 866 Sed,
252 807 274 851 o
291 786 515 867 veneranda,
536 795 637 854 tuum
655 796 707 856 est
723 780 791 854 hoc
806 785 934 870 solum,

96 885 139 954 Et
151 898 210 955 tua
227 879 315 954 haec
331 887 436 967 urbs,
458 885 556 955 cuius
570 893 610 955 tu
624 899 739 956 mater
794 973 796 978 s
841 959 848 970 ‚

95 985 140 1054 Et
155 986 300 1056 domina
317 999 352 1056 et
367 999 520 1080 patrona
538 986 648 1070 urbis,

94 1088 202 1180 Abige
217 1083 287 1158 huc
304 1090 536 1161 adducentem
555 1088 684 1159 iniuste

53 1187 117 1260 775
139 1189 399 1262 Dimicaturum
417 1187 635 1261 *exercitum
652 1216 692 1260 ex
709 1189 818 1282 Argo.

94 1291 173 1363 Non
190 1291 285 1362 enirn
302 1307 450 1384 propter
466 1317 582 1362 meam
602 1292 770 1364 virtutem

94 1395 253 1488 Aequum
269 1406 321 1464 est
336 1419 393 1463 me
411 1395 572 1463 amittere
588 1392 778 1465 civitatem.

266 1545 268 1548 ·
332 1507 644 1608 [dotistroplte
667 1507 725 1610 2.]

92 1630 156 1698 Sed
172 1629 255 1723 quia
273 1629 338 1700 tibi
354 1653 494 1724 semper
508 1629 702 1700 multorum
716 1630 968 1710 sacrificiorum

93 1731 254 1800 Honores
271 1732 489 1816 offeruntur,
512 1755 628 1824 neque
644 1734 797 1804 occultat
812 1756 852 1801 ea

93 1833 267 1902 Meosium
284 1833 409 1905 ultima
427 1831 523 1916 dies,
546 1845 582 1908 el
597 1857 672 1900 non
687 1849 823 1904 cessant

1122 341 1284 412 Herculis
1300 341 1408 421 lilios:
1433 353 1495 411 aut
1508 339 1730 430 interiectus,
1752 347 1842 420 mihi
1908 330 1910 336 '

1072 423 1146 516 810
1168 445 1330 514 Patrium
1347 440 1524 514 honorem
1542 456 1577 514 et
1592 447 1727 517 donum
1745 452 1920 548 relinque.

1121 545 1304 616 Exercitus
1321 569 1407 615 vero
1426 547 1592 629 assensit,
1616 559 1651 617 et
1667 551 1712 619 ad
1728 553 1833 623 linem
1854 561 2038 628 malorum·
2103 639 2105 644 ,

1122 648 1168 718 Et
1194 673 1260 740 pro
1291 646 1538 739 magnitudine
1570 651 1682 718 animi
1710 659 1890 744 praeclare
1919 655 2061 732 dictem'.

1476 773 1549 820 esse
1565 753 1778 826 orationem.

1122 847 1188 920 Iste
1214 873 1299 919 vero
1316 873 1432 944 neque
1449 849 1623 923 reveritus
1644 856 1827 930 audientes
1844 862 1880 928 in
1905 887 2051 954 respon-

1480 954 1612 1038 dendo,

1122 1054 1245 1148 Neque
1272 1055 1368 1148 ipse,
1404 1079 1484 1127 cum
1512 1067 1601 1126 esset
1634 1060 1724 1142 dux,
1764 1077 1912 1153 propter
1946 1091 2048 1136 suum

1470 1169 1604 1226 mettun

1072 1252 1147 1325 815
1170 1257 1287 1326 Ausus
1302 1269 1354 1325 est
1367 1257 1490 1326 venire
1507 1259 1543 1326 io
1562 1271 1759 1344 certamen:

1122 1357 1191 1426 Sed
1205 1370 1282 1426 erat
1295 1359 1563 1448 ignavissimus:
1586 1361 1668 1430 dein
1683 1387 1763 1446 cum
1782 1367 1860 1436 talis
1875 1381 1975 1452 esset,

1121 1455 1228 1528 Venit
1251 1459 1289 1528 in
1311 1460 1516 1530 servitutem
1543 1465 1753 1536 reducturus
1780 1479 1940 1557 posteros
1963 1469 2052 1540 Her·
2113 1531 2116 1542 .

1478 1563 1576 1633 culis.

1122 1661 1246 1754 llyllus
1261 1662 1382 1757 it'aque
1396 1663 1553 1734 discessit
1566 1665 1604 1732 in
1619 1664 1794 1756 reliquam
1812 1670 1935 1743 aciem.

1121 1763 1227 1834 Vates
1246 1789 1351 1848 vero,
1375 1779 1564 1859 postquam
1582 1766 1797 1836 audiverunt

1071 1865 1146 1939 820
1168 1865 1249 1934 Non
1266 1868 1387 1956 perlici
1404 1868 1510 1936 linem
1528 1867 1611 1934 belli
1631 1867 1804 1958 singulari
1820 1875 2025 1956 certamine,

52 1935 115 2003 780
136 1933 307 2004 Carmina
324 1935 539 2024 templorum
558 1946 592 2003 et
608 1935 789 2005 cantiones
809 1935 1016 2007 chororum:
1122 1967 1344 2051 Mactabant'
1359 1991 1433 2036 non
1449 1971 1727 2051 cunctabantur,
1748 1973 1810 2041 sed
1825 1973 2052 2045 dimittebam

91 2035 128 2104 ln
139 2037 260 2106 littore
278 2048 426 2108 ventoso

91 2139 254 2210 Ululatus
270 2151 401 2209 sonant
415 2135 600 2206 nocturnis
616 2137 797 2229 plausibus

91 2241 158 2312 Sub
175 2241 328 2338 pedibus
348 2239 540 2331 virginum.

174 2353 418 2454 [Feminam
444 2357 661 2437 Alcmene,
690 2352 878 2454 Chorus]

1119 2067 1173 2138 Ex
1187 2069 1345 2140 feticibus
1362 2070 1517 2140 cruentis
1525 2069 1572 2164 ⁶¹)
1590 2071 1708 2139 statim
1729 2073 1880 2145 faustam
1896 2099 2030 2148 necem.

1121 2169 1192 2239 Alii
1206 2174 1447 2274 conscendunt
1461 2173 1499 2240 in
1515 2195 1661 2254 currus,
1683 2173 1743 2240 alii
1759 2177 1824 2244 sub
1840 2178 2010 2250 lateribus

1122 2272 1337 2365 Clypeorum
1366 2275 1558 2364 tangebant
1589 2287 1715 2378 costas.
1778 2274 2049 2366 Atheniensium
2152 2281 2156 2287 ’

1475 2398 1560 2444 vero
1577 2377 1648 2443 dux

92 2478 179 2544 Fam.
204 2473 242 2544 O
258 2474 423 2556 domina,
447 2473 523 2541 lero
539 2471 603 2539 tibi
618 2473 761 2541 brevem
780 2475 978 2545 orationem
1071 2470 1145 2549 825
1166 2474 1400 2546 Denuntiavit
1416 2476 1596 2559 exercitui,
1616 2475 1735 2570 qualia
1753 2491 1917 2570 oporteat
1933 2484 2050 2552 virum

51 2573 113 2645 785
134 2577 293 2661 Audito,
316 2571 456 2646 etmihi
475 2573 660 2663 optimam.

90 2677 273 2748 vincimus
288 2675 425 2759 hostes,
447 2689 482 2744 et
498 2677 718 2744 collocantur
734 2688 892 2768 tropaea.

91 2780 227 2871 Quibus
243 2781 398 2870 figuntur
415 2801 513 2847 arroa
533 2792 675 2848 tuorum
692 2773 861 2851 hostium.

90 2883 158 2953 Ate.
186 2881 223 2952 Ο
245 2877 469 2961 charissime,
491 2882 554 2948 iste
572 2879 646 2949 dies
662 2881 733 2972 egit
747 2893 782 2950 te
799 2877 880 2969 huc,

90 2982 136 3052 Ut
149 2984 245 3053 liber
259 2985 323 3055 fias
337 2997 484 3075 propter
498 2976 567 3050 hoc
581 2982 760 3055 nuntium.

1482 2581 1612 2668 fortem
1630 2577 1765 2648 dicere:

1122 2680 1156 2749 Ο
1171 2679 1284 2763 cives,
1305 2691 1442 2763 terrae,
1462 2703 1553 2774 quae
1567 2680 1655 2750 aluit
1669 2703 1745 2763 vos,

1120 2780 1167 2850 Et
1182 2805 1273 2875 quae
1291 2781 1412 2870 genuit
1427 2805 1490 2852 vos
1500 2807 1520 2864 ,¹
1539 2805 1628 2872 opus
1643 2793 1694 2851 est
1710 2781 1780 2850 iam
1799 2807 1903 2874 opem
1917 2787 2019 2860 ferre.

1122 2883 1295 2972 Similiter
1310 2885 1399 2952 alter
1415 2881 1529 2972 Argos
1546 2907 1621 2953 non
1636 2884 1760 2954 volens
1774 2887 2000 2974 dedecorare,

1122 2985 1168 3055 Et
1184 2984 1369 3076 Mycenas,
1393 2987 1604 3074 precabatur
1620 2984 1745 3054 socios.

50 3081 306 3158 teutlandum
329 3098 447 3156 autem
475 3083 677 3154 liberasme
700 3087 745 3156 ab
767 3109 837 3155 una
865 3089 1018 3179 quadam
1073 3088 1147 3157 830
1184 3087 1376 3178 Postquam
1408 3086 1547 3176 signum
1578 3086 1675 3154 dedit
1702 3087 1836 3161 clarum
1862 3088 2049 3180 Tyrrhena
2167 3069 2170 3076 ’

263 3187 266 3194 ’
372 3205 377 3212 ’
452 3185 674 3264 difficultate:

92 3290 209 3360 Metuo
234 3289 349 3371 enim,
375 3313 422 3357 an
437 3287 579 3370 vivant,
600 3312 689 3381 quos
706 3287 937 3378 opto-vivere.

89 3395 178 3463 Fam.
200 3388 341 3460 Vivunt
354 3389 507 3460 maxime
522 3390 668 3480 gloriosi
684 3391 722 3458 in
737 3391 900 3460 exercitu.

89 3497 159 3565 Ate.
185 3493 306 3564 Senex
324 3492 384 3561 ille
400 3490 532 3560 vivitne
547 3489 689 3576 Iolaus?

1232 3257 1234 3262 .
1482 3188 1580 3268 tuba,

1123 3288 1169 3356 Et
1182 3289 1358 3378 congressi
1373 3301 1455 3359 sunt
1471 3289 1622 3356 invicem
1638 3310 1770 3378 pugna,
1873 3339 1877 3346 .

1123 3391 1306 3482 Quantum
1322 3392 1477 3461 sonitum
1496 3391 1700 3482 clypeorum
1717 3401 1821 3480 putas
1841 3393 2051 3466 fremuisse?
2142 3463 2151 3468 q

1065 3585 1067 3590 ,
1123 3493 1303 3584 Quantam
1323 3493 1588 3562 concussionem
1606 3505 1640 3560 et
1653 3493 1804 3581 gemitus
1820 3495 1951 3564 simul?

89 3599 181 3667 Fam.
206 3593 427 3666 Felicissime
457 3593 565 3686 vivit,
597 3605 801 3663 consecutus
826 3594 1019 3663 maximum
1123 3594 1284 3664 Primum
1299 3595 1443 3687 quidem
1460 3594 1627 3682 strepitus
1644 3594 1767 3681 Argivi
1785 3597 1956 3666 exercitus

450 3693 621 3764 divinitus
629 3692 857 3765 heneficium.

47 3793 112 3866 705
132 3802 209 3872 Ate.
238 3796 420 3888 Quidnam
438 3793 514 3886 est?
531 3819 577 3864 an
591 3796 743 3888 gloriose
760 3795 958 3887 pugnavit?

90 3904 179 3970 Fons
208 3899 342 3969 Factus
358 3909 409 3968 est
428 3897 564 3967 iuvenis
582 3921 703 3968 rursus
718 3921 760 3966 ex
776 3922 869 3970 sene.

87 4003 161 4072 Ale.
186 4001 285 4070 Mira
302 3999 407 4078 dicis;
428 4000 490 4069 sed
505 3999 587 4066 volo
605 4013 639 4068 te
653 4023 801 4069 narrare
818 4001 973 4090 primum

86 4101 245 4175 Felicem
264 4105 420 4193 pugnam
438 4101 646 4171 amicorum.

87 4209 182 4276 Fam.
208 4203 292 4274 Una
312 4201 428 4271 oratio
445 4202 565 4270 omnia
582 4202 803 4294 significabit.

1074 3693 1148 3766 885
1169 3693 1338 3786 Perrupit
1354 3719 1439 3778 nos,
1460 3696 1589 3763 deinde
1604 3707 1893 3765 retrocesserunt.

1121 3798 1248 3867 Postea
1268 3797 1417 3866 collatus
1433 3819 1495 3886 pes
1512 3797 1608 3886 pedi,

1123 3899 1170 3966 Et
1184 3899 1240 3964 vir
1258 3899 1335 3965 viro
1349 3885 1467 3979 stans,
1493 3894 1743 3986 perseverabat
1756 3895 1794 3962 in
1808 3919 1941 3986 pugna.

1125 3999 1230 4067 Multi
1246 3999 1431 4066 cedebant:
1458 4011 1559 4066 erant
1574 3997 1634 4066 illa
1650 3997 1758 4066 verba
1774 3991 2052 4070 adhortationis:

1125 4101 1158 4170 Ο
1176 4096 1352 4182 Athenas,
1380 4123 1401 4168 o
1418 4101 1633 4188 Argivorum
1651 4121 1755 4188 agros

982 4283 986 4295 ¹
1046 4251 1049 4264 ·
1076 4203 1352 4284 coessentes,
1376 4225 1451 4270 non
1467 4201 1938 4292 depelletis‘dedecusurbi?

45 4301 112 4373 800
140 4309 343 4409 Postquam
368 4318 492 4374 contra
514 4329 581 4376 nos
604 4317 728 4375 mutuo
752 4303 944 4374 exercitum
968 4326 1023 4372 ar·
1046 4275 1050 4369 i
1125 4304 1194 4372 Vir
1210 4305 1330 4370 omnia
1348 4303 1537 4388 iacientes,
1560 4326 1635 4372 non
1651 4303 1727 4372 sine
1743 4303 1866 4373 labore

454 4420 592 4476 matum

88 4507 265 4580 Cominus
282 4508 508 4578 extendentes
528 4508 792 4590 collocavimus,

86 4609 315 4680 Promovens
328 4608 454 4699 pedem
473 4603 513 4676 eir
530 4633 636 4679 curro
651 4607 775 4701 Hyllus

88 4711 196 4781 Stetit
215 4713 310 4780 inter
326 4708 462 4778 medias
478 4708 581 4791 acies,
703 4721 705 4724 ’

87 4811 134 4882 Et
151 4814 286 4884 deinde
302 4810 407 4879 dixit:
430 4808 465 4877 Ο
480 4811 572 4891 dux,
595 4810 656 4903 qui
676 4811 773 4880 venis
789 4835 830 4878 ex
845 4811 942 4901 Argo

1125 4405 1305 4474 Vertimus
1320 4404 1359 4472 in
1372 4407 1493 4495 fugam
1510 4404 1689 4494 Argivum
1701 4407 1906 4476 exercitum.

1127 4506 1173 4576 Et
1194 4505 1243 4576 ibi
1268 4531 1374 4576 senex
1388 4503 1506 4578 Iolaus
1532 4508 1657 4577 videns
1673 4506 1816 4598 Hyllum
1846 4518 2055 4598 provectum

1384 4679 1396 4702 ,
1482 4621 1578 4680 extra
1595 4608 1719 4690 eciem,

1127 4709 1245 4800 Rogat
1259 4710 1445 4800 porrigens
1463 4733 1623 4790 manum,

1077 4807 1151 4883 845
1174 4811 1224 4881 Ut
1238 4811 1386 4880 collocet
1401 4835 1480 4880 eum
1498 4811 1536 4878 in
1553 4820 1753 4903 equestrem
1771 4829 1926 4888 corrono,

43 4911 173 4986 8052111
190 4911 289 4984 hanc
304 4926 449 4996 terram,
468 4936 542 4980 nou
558 4911 768 5001 permittunt
787 4925 922 5003 opeset
935 4911 1026 4980 vires
1127 4914 1174 4982 Et
1188 4913 1363 5003 accipiens
1379 4909 1536 4982 habenas
1552 4910 1729 4989 manibus,

454 5025 549 5096 tuae,

89 5116 138 5188 Et
156 5117 332 5209 Mycenas
348 5138 422 5184 non
440 5113 569 5185 afficies
584 5114 826 5194 incommodo,

89 5219 281 5288 Privando
298 5241 358 5287 eos
373 5239 446 5284 uno
459 5216 549 5284 viro.
603 5216 723 5308 Quare
739 5239 874 5285 mecum

94 5321 368 5410 Congrediens,
391 5327 452 5385 aut
469 5317 583 5386 occiso
600 5341 676 5398 me,
700 5317 813 5386 abduc
841 5325 843 5329 ’
900 5353 904 5360 ·

46 5435 233 5502 muru.
255 5433 360 5499 oreo.
384 5427 469 5493 Voo.
493 5429 618 5492 xvnt.

1114 5145 1162 5204 so
1181 5141 1319 5204 creseus]
1342 5141 1385 5194 sto
1407 5143 1491 5195 notet.
1511 5141 1717 5207 rese,1ose.;
1754 5139 1838 5191 note.
1856 5142 1976 5190 roem:
2007 5121 2059 5190 ιη’-

1148 5213 1236 5263 ments
1260 5216 1307 5270 (=
1328 5213 1421 5274 nuru.
1438 5213 1584 5279 βροτείων,
1615 5211 1686 5274 qood
1709 5210 1736 5259 io
1759 5210 1803 5259 tus
1826 5213 1902 5259 reete
1925 5219 1942 5256 a
1964 5205 2060 5272 βροτός

1150 5279 1308 5348 [mortells,
1338 5277 1447 5346 homo],
1478 5281 1506 5330 lu
1529 5279 1587 5330 illis
1612 5290 1629 5328 tt
1652 5268 1746 5344 βρότος
1769 5277 1880 5339 [cruor]
1905 5275 2059 5326 derivem

1422 5417 1504 5490 ·59

1087 5411 1091 5418 ἱ
1146 5348 1219 5415 eet).
