4700 5808
66 247 111 322 rs
225 243 367 319 xsvu
412 239 811 320 murmurrauo
830 237 1004 314 orsas
1028 233 1419 332 animamarum
1442 235 1729 310 moramur
1762 237 1852 313 nm.
1867 235 1926 314 ιιι.
2045 229 2099 316 so

69 416 306 500 insidiatores,
328 417 445 502 fures,
470 419 657 512 munros,
687 413 881 487 homicidia
897 412 1060 484 molienk·

68 537 133 604 tes,
158 520 363 590 inconcessa
388 535 575 604 vorantes,
610 521 808 602 maleficos,
841 513 1054 597 homicidas,

69 625 256 706 veneficos,
282 621 434 714 impios,
465 625 674 714 sacrilegos,
709 615 982 715 sepulchrorum
1005 617 1054 686 es·

67 730 213 798 fossores
228 737 266 796 et
282 725 431 794 omnino
445 728 644 798 sceleratos.

332 894 612 964 Sasernarum
642 865 779 963 Venere.

160 1024 191 1093 1²
191 1024 403 1097 amiliaritas
418 1051 499 1098 cum
514 1027 653 1098 Venere
669 1028 712 1096 in·
722 1025 810 1096 locis
828 1024 945 1096 minus
962 1021 1054 1090 vitu-

68 1127 250 1220 perandis,
274 1127 361 1198 lacit
381 1152 504 1201 osores
526 1130 736 1212 mulierum,
764 1128 912 1222 cupidos
937 1124 1053 1196 domi-

68 1229 238 1312 nationis,
266 1243 426 1301 amantes
441 1233 697 1316 solitudinum,
717 1235 882 1302 insuaves
905 1229 944 1298 in
968 1251 1052 1298 con·

69 1332 260 1423 gressibus,
306 1334 535 1418 ambitiosos,
585 1347 778 1426 apparatus
812 1343 1055 1426 aspernantes,

70 1435 279 1526 negligentes
299 1435 515 1527 elegantiae,
547 1437 708 1522 invidos,
742 1439 905 1520 tetricos,
936 1435 1054 1506 insua-

70 1563 121 1608 ves
135 1540 183 1606 ad
196 1535 395 1624 Venerem,
417 1563 493 1610 non
509 1553 740 1632 aggregantes
755 1565 792 1610 se
805 1535 1054 1610 communibus

70 1639 313 1732 opinionibus,
338 1643 533 1732 peculiares
556 1643 625 1712 sibi
648 1643 837 1735 opiniones
853 1639 1054 1730 excogitan-

70 1755 132 1826 tes,
165 1740 350 1828 satidicos,
384 1746 667 1835 superstitiosos,
702 1745 881 1816 sacrificiis
904 1740 1054 1824 deditos,

70 1845 297 1927 sacrificulos,
327 1848 520 1932 fanaticos,
554 1849 661 1920 sacris
685 1847 896 1930 servientes,
928 1857 1055 1926 castos,

71 1949 304 2031 verecundos,
327 1963 529 2021 reverentes
546 1950 655 2034 alios,
680 1949 877 2032 studiosos,
905 1949 995 2018 fidos
1017 1946 1054 2015 iu

70 2049 240 2134 amicitia,
265 2051 428 2137 stabiles,
455 2054 696 2136 continentes,
727 2076 888 2144 sagaces,
920 2062 1056 2132 cautos,

70 2153 251 2246 querulos,
289 2154 383 2224 male
405 2156 624 2248 suspicantes
648 2157 691 2226 de
714 2155 924 2226 mulieribus
944 2165 979 2222 et
1001 2175 1055 2220 re-

69 2255 215 2347 lotypos.

162 2354 203 2424 ln
230 2355 318 2426 locis
341 2382 427 2427 vero
452 2358 632 2442 distortis,
662 2358 814 2442 salaces,
844 2356 1057 2448 impudicos,

16 2485 18 2574 p
70 2459 348 2530 contaminantes
363 2485 400 2530 se
413 2461 597 2552 flagitiosis
617 2461 846 2544 libidinibns,
876 2459 1057 2551 negligen-

16 2765 17 2820 l

16 2893 18 2940 l

70 2575 127 2644 tes,
140 2561 350 2658 immundos
366 2564 405 2632 in
422 2565 625 2648 concubitu,
640 2565 863 2646 libidinosos,
885 2561 1057 2632 insidian-

71 2677 116 2732 tes
142 2665 356 2735 mulieribus
385 2679 419 2734 et
449 2667 603 2736 masline
633 2665 812 2758 cognatis;'
843 2665 1057 2757 petulantes,

72 2764 234 2854 infames,
275 2767 435 2838 furenter
466 2783 609 2840 ruentes
641 2770 680 2836 in
702 2766 899 2854 Venerem,
935 2791 1058 2837 osores

70 2868 273 2954 munditiei,
306 2871 602 2956 subsannatores,
636 2872 909 2958 obtrectatores,
942 2869 1059 2940 ebrio·

71 2997 135 3055 sos,
161 2972 449 3063 superstitiosos,
476 2975 675 3058 adulteros,
701 2974 890 3046 incitantes
914 2986 949 3044 et
969 2973 1057 3043 inci-

17 3143 18 3156 ,
70 3076 124 3141 tati
139 3077 186 3143 ad
201 3077 357 3145 incestos
373 3077 601 3166 concubitus,
628 3103 703 3145 non
724 3078 839 3147 solum
863 3076 1058 3159 naturales,

17 3185 18 3252 l
72 3177 255 3246 sedetiam
288 3189 411 3246 contra
436 3192 621 3260 naturam;
657 3192 883 3272 appetentes,
917 3178 1059 3262 seniles,

17 3355 18 3358 Ἴ
72 3279 258 3370 flagitiosos
274 3292 309 3348 et
326 3281 550 3353 inconcessos
568 3284 704 3353 ferinos
729 3283 955 3360 concubitus;
974 3283 1057 3349 ‚im-

17 3391 18 3446 t
71 3383 155 3472 pios,
183 3383 255 3451 Dei
275 3395 558 3476 contemptores,
582 3411 766 3456 sacrorum
784 3385 978 3471 derisores,
1005 3387 1058 3452 in-

17 3631 19 3750 l

72 3485 169 3570 fidos,
194 3485 456 3571 calumniosos,
484 3491 678 3573 veneficos,
704 3487 930 3583 impostores.

319 3660 493 3730 Saturnus
518 3683 594 3730 cnm
615 3662 804 3732 Mercurio.

159 3791 193 3860 F
194 3789 409 3863 amiliaritas
426 3817 506 3863 cum
522 3793 704 3866 Mercurio
728 3796 767 3864 in
791 3796 877 3870 locis
894 3795 1061 3880 laudatis,

74 3893 145 3963 lacit
169 3893 336 3966 curiosos
358 3907 605 3984 scrutatores,
625 3900 837 3970 disserentes
858 3903 902 3971 de
925 3899 1061 3991 legibus

75 4001 330 4083 adoratura,
366 4021 579 4071 arcanorum
602 4002 781 4086 conscios,
815 4003 988 4074 miracula
1010 4003 1062 4072 fa-

76 4102 216 4188 cientes,
251 4105 478 4193 deceptores,
509 4102 548 4172 in
572 4105 668 4175 diem
690 4105 872 4199 viventes,
908 4129 1063 4197 sagaces,

18 4277 19 4284 χ
76 4203 286 4289 industrios,
312 4205 481 4290 solertes,
502 4207 667 4291 acerbos,
688 4206 888 4300 diligentes,
912 4209 1064 4290 sobrios,

76 4311 232 4390 sedulos,
255 4309 423 4379 laborum
441 4307 609 4401 cupidos,
635 4309 784 4380 feliciter
799 4325 980 4382 conantes.
1022 4305 1064 4377 ln

18 4441 19 4446 ¹
77 4409 150 4485 loeis
182 4435 277 4482 vero
309 4412 487 4496 distortis,
531 4408 811 4495 hallucinantes,
859 4426 1064 4507 nugatores,

77 4525 205 4588 nosces
238 4513 483 4599 simultatum,
515 4515 833 4602 immisericordes,
874 4540 1065 4588 aerumno-

78 4641 144 4704 sos,
167 4621 321 4690 infestos
338 4619 431 4704 suis,
457 4619 619 4706 invidos,
644 4621 783 4705 tristes,
809 4633 919 4692 noctu
933 4643 1064 4713 vagan-

79 4731 137 4804 tes,
175 4721 429 4808 insidiatores,
470 4724 694 4814 proditores,
736 4725 912 4810 crudeles,
956 4725 1065 4806 fures,

81 4847 209 4916 magos,
236 4827 433 4911 veneticos,
458 4827 640 4913 falsarios,
664 4827 965 4920 praestigiatores,
990 4849 1066 4894 non

84 4919 242 5001 babentes
276 4953 471 5023 prosperos
502 4955 701 5016 successus,
748 4935 810 5002 scd
843 4933 973 5002 frustra
1007 4953 1066 4998 co-

18 5027 20 5040 '
82 5045 206 5107 nantes.

493 5209 637 5298 Iupiter.

171 5343 309 5438 Iupiter
321 5345 419 5416 solus
435 5346 603 5417 dominus
619 5346 658 5413 in
675 5341 762 5412 locis
776 5340 951 5425 laudatis,
980 5337 1069 5436 lacit

87 5451 345 5538 magnanimos,
390 5449 585 5535 beneficos,
635 5447 840 5540 religiosos,
887 5440 1065 5515 bonorem

1105 409 1183 479 aliis
1200 409 1416 493 uibuerrtes,
1439 409 1738 493 fruentesbonis,
1762 405 1953 494 humanos,
1979 412 2097 504 splen·
2181 416 2186 424 '

1105 512 1229 596 didos,
1264 513 1449 596 liberales,
1484 513 1614 596 iustos,
1647 535 1777 603 magna
1804 526 1985 598 curantes,
2018 537 2097 606 gra-

1105 639 1184 698 ves,
1209 640 1272 686 sua
1290 629 1453 707 agentes,
1479 615 1743 700 misericordes,
1769 616 1987 700 foecundos,
2011 639 2098 710 prn-

1105 720 1247 802 dentes,
1275 730 1435 788 amantes
1451 731 1707 811 cognatorum,
1733 719 2003 808 gubernatores.

1206 817 1247 890 br
1260 819 1347 894 locis
1361 845 1448 891 vero
1470 820 1629 892 distortis
1653 843 1695 890 ac
1717 821 1977 892 sordidioribus
2000 821 2099 890 simi·

1105 921 1175 990 lem
1189 923 1343 1014 speciem
1358 923 1480 1004 cfficit;
1515 923 1577 995 sed
1599 923 1778 994 sordidius
1798 937 1833 994 et
1856 925 2041 995 obscurius
2063 935 2099 993 et

1106 1024 1272 1108 dilutius,
1298 1040 1419 1117 utpro
1445 1026 1692 1118 magnitudine
1717 1025 1829 1096 animi
1849 1027 2000 1110 fastum,
2029 1049 2097 1118 pro

1105 1127 1278 1219 religione
1292 1128 1595 1220 superstitionem,
1611 1153 1679 1221 pro
1694 1130 1907 1198 verecundia
1927 1127 2097 1198 timidita-

1106 1241 1199 1315 tem,
1223 1254 1289 1322 pro
1308 1230 1481 1322 gravitate
1498 1243 1696 1314 tumorem,
1733 1255 1800 1324 pro
1824 1231 1980 1302 candore
2001 1231 2098 1302 stoli-

1106 1333 1275 1416 ditatem,
1306 1357 1373 1424 pro
1389 1332 1506 1401 nitore
1522 1334 1743 1428 voluptates,
1769 1357 1836 1427 pro
1854 1358 1938 1402 cura
1952 1357 2099 1424 assigna·

1106 1459 1186 1503 rum
1203 1459 1344 1518 rerum,
1370 1447 1573 1526 stuporem,
1606 1460 1674 1526 pro
1690 1433 1903 1504 liberalitate
1921 1437 2099 1527 negligen-
2121 1511 2124 1522 ¹

1106 1537 1213 1622 tiam,
1239 1537 1288 1608 sic
1304 1548 1338 1606 et
1353 1547 1490 1607 caetera
1506 1537 1734 1630 degenerant.
1750 1547 1753 1556 ⁴

1410 1711 1543 1798 Iupiter
1564 1731 1639 1780 cvm
1660 1710 1792 1780 Morte.

1207 1841 1237 1911 F
1239 1840 1448 1913 amiliaritas
1466 1869 1552 1914 vero
1571 1871 1652 1914 cum
1670 1843 1788 1914 Marte
1812 1845 1850 1913 in
1874 1843 1962 1914 locis
1976 1843 2100 1914 lauda-

1108 1944 1173 2028 tis,
1206 1945 1291 2014 iacit
1313 1967 1476 2036 asperos,
1507 1969 1706 2039 pugnaces,
1734 1947 1926 2030 militares,
1951 1947 2101 2018 idoneos

1107 2047 1379 2138 gubernationi,
1413 2051 1629 2134 concitatos,
1661 2051 1888 2142 impatientes
1908 2049 2102 2133 servitutis,
2205 2036 2209 2047 ’

1107 2151 1282 2232 fervidos,
1308 2151 1524 2242 periculisse
1540 2151 1765 2237 obiicientes,
1792 2153 2007 2236 industrios,
2032 2153 2101 2220 lin-

1108 2275 1197 2345 guae
1229 2253 1392 2322 lihertate
1422 2267 1581 2340 utentes,
1621 2257 1875 2348 redarguentes
1904 2256 2012 2339 alios,
2053 2257 2102 2326 ef-

1107 2358 1258 2426 fectores
1292 2378 1417 2426 eorum
1451 2381 1544 2450 qnae
1576 2358 1798 2452 suscipiunt,
1848 2361 2102 2442 contentiosos,

1109 2482 1244 2550 gnavos
1267 2457 1305 2525 in
1329 2458 1508 2550 imperiis,
1543 2483 1661 2542 acres,
1694 2461 1940 2544 insidiatores,
1981 2461 2103 2553 aequi·
2204 2521 2207 2526 .

1109 2561 1192 2631 tatis
1208 2571 1387 2643 amantes,
1422 2561 1562 2644 viriles,
1597 2585 1701 2653 aegre
1720 2565 1921 2647 credentes,
1953 2584 2103 2654 magna·

1109 2664 1247 2745 nimos,
1273 2656 1454 2732 honorum
1474 2665 1642 2756 cupidos,
1670 2663 1881 2750 iracundos,
1908 2667 2031 2736 dextre
2050 2665 2104 2735 iu·

1110 2767 1268 2836 dicantes
1286 2776 1320 2834 et
1336 2789 1412 2834 non
1429 2767 1650 2837 aberrantes.
2010 2843 2015 2854 „

1212 2867 1283 2937 Sed
1312 2867 1350 2935 in
1376 2867 1465 2938 locis
1496 2867 1672 2954 distortis,
1716 2869 2010 2954 contumeliosos,
2050 2869 2104 2940 sui

1110 2969 1348 3062 negligentes,
1389 2971 1566 3056 crudeles,
1607 2971 1868 3063 implacabiles,
1907 2974 2106 3057 seditiosos,

1110 3074 1304 3166 rixatores,
1330 3097 1404 3141 non
1421 3088 1651 3165 aggregantes
1666 3100 1702 3146 se
1723 3075 1974 3145 cunimunibus
1995 3075 2109 3145 mori·

1110 3178 1198 3259 bus,
1240 3175 1536 3260 calumniatores,
1577 3178 1794 3270 suspiceres,
1836 3179 2106 3270 praerogativas

1112 3291 1341 3374 quaerentes,
1368 3301 1534 3369 rapaces,
1560 3278 1761 3363 instabiles,
1793 3281 1906 3364 leves,
1941 3281 2107 3350 cito-mu-

1110 3395 1227 3453 tantes
1250 3380 1456 3474 proposita,
1487 3383 1719 3476 praecipites,
1753 3384 2014 3467 inconstantes,
2053 3385 2108 3450 in·

1113 3485 1404 3574 circumspectos,
1431 3483 1609 3575 ingratos,
1643 3485 1887 3571 turbulentos,
1923 3487 2108 3570 attonitos,
2186 3519 2188 3524 ·

1111 3612 1187 3658 non
1221 3588 1353 3657 frustra
1391 3601 1581 3672 conantes,
1630 3613 1874 3684 percussores,
1928 3589 2109 3683 querulos,

1113 3690 1362 3784 profusionum
1386 3702 1565 3773 amantes,
1600 3692 1735 3775 fatuos,
1776 3692 2051 3786 inaequabiliter
2074 3705 2108 3761 ct

1113 3795 1189 3866 sine
1203 3793 1325 3884 regula
1339 3791 1519 3877 viventes,
1544 3805 1579 3862 et
1598 3793 1765 3866 ferriosos.

1410 3967 1542 4054 ruptae
1567 3987 1643 4034 enm
1673 3969 1810 4036 Venere.

1218 4097 1459 4169 Familiaritas
1483 4125 1569 4168 vero
1593 4124 1673 4169 cum
1696 4099 1837 4168 Venere
1861 4101 1899 4168 in
1923 4100 2010 4172 locis
2033 4101 2111 4172 lau-

1117 4201 1229 4284 datis,
1252 4200 1338 4270 facit
1360 4213 1521 4272 amantes
1545 4204 1778 4287 munditiem,
1811 4203 1970 4273 suaviter
1991 4206 2111 4276 [ruen-

1117 4319 1167 4376 tes
1187 4305 1311 4390 bonis,
1341 4303 1491 4386 nitid0s;
1523 4307 1674 4391 artium,
1705 4309 2010 4399 spectaculorum,
2040 4321 2113 4379 stu·

1117 4408 1282 4492 diorum,
1314 4407 1466 4479 musices
1484 4409 1682 4492 studiosos;
1707 4410 1897 4493 delicatos,
1924 4409 2112 4504 simplices,

1116 4513 1311 4593 beneficos,
1336 4513 1590 4603 redarguentes
1608 4515 1716 4596 alios,
1744 4539 1818 4582 non
1836 4527 1993 4598 astutos,
2030 4515 2112 4584 reli-

1117 4615 1256 4708 giosos,
1282 4613 1421 4685 deditos
1437 4618 1671 4688 caeremoniis
1687 4629 1722 4685 et
1738 4613 1876 4700 choris,
1904 4619 2111 4707 prudentes,

1117 4740 1315 4812 propensos
1355 4718 1401 4786 ad
1437 4741 1597 4788 amorem
1633 4733 1669 4790 et
1700 4716 1886 4790 honestam
1920 4716 2110 4803 Venerem,

1117 4823 1344 4916 splendidos,
1379 4835 1519 4913 gratos,
1556 4822 1738 4905 liberales,
1771 4821 1949 4892 studiosos
1976 4823 2132 4908 littera-¹

1117 4951 1220 5011 rum,
1246 4929 1367 4996 dextre
1383 4924 1601 5010 iudicantes,
1626 4926 1848 5008 moderatos,
1874 4925 2034 4996 modeste
2051 4951 2111 4996 ve-

1118 5055 1265 5115 nereos,
1292 5029 1553 5112 contentiosos,
1579 5029 1678 5121 pios,
1704 5029 1836 5114 iustos,
1868 5023 2048 5100 honorum
2076 5044 2110 5100 et

1118 5135 1253 5226 gloriae
1273 5131 1441 5227 cupidos,
1477 5147 1513 5203 et
1536 5133 1575 5202 in
1596 5157 1756 5220 summa,
1786 5129 1955 5206 honestos
1979 5147 2015 5204 et
2035 5136 2111 5204 lau-

1118 5239 1234 5311 datos.
2164 5239 2166 5246 ’

1220 5341 1268 5412 At
1285 5341 1323 5410 in
1338 5340 1426 5410 locis
1441 5339 1535 5412 disto
1587 5341 1637 5424 is,
1660 5365 1835 5432 epuarum
1849 5352 2023 5420 amantes,
2051 5338 2111 5407 de-

1116 5446 1261 5530 licatos,
1296 5444 1538 5530 effeminatos,
1571 5444 1777 5528 saltatores,
1810 5441 1978 5513 muliebri
1995 5440 2110 5530 impo-
