4600 5804
60 173 139 246 ore
427 171 549 246 unx.
608 171 1005 266 inrueranrnno
1039 166 1428 250 uanammnnun
1460 167 1737 280 sonnino.
2009 181 2085 278 on
2213 124 2218 132 ’

80 398 87 411 .
115 344 279 420 Pittheus
298 347 446 443 ,quidem
467 347 562 420 lilius
582 361 636 421 est
658 347 817 440 Pelopis;
845 373 886 418 ex
903 341 1046 418 Pittheo
1150 339 1206 412 llli
1221 357 1412 435 reposcunt
1428 367 1448 414 a
1464 341 1568 414 nobis
1584 357 1772 436 paternum
1789 353 2011 430 beneficium.

480 474 566 521 vero
1148 443 1195 515 Et
1209 443 1285 537 ipsa
1304 447 1509 540 turpitudo,
1533 448 1577 515 de
1595 471 1665 542 qna
1682 453 1837 526 maxime
1853 471 1996 550 oportet
2010 483 2083 534 esse

113 547 268 633 Aethra;
291 565 395 645 pater.
406 577 492 624 vero
508 577 552 624 ex
566 547 634 623 hac
649 555 806 625 nascitur
823 565 905 624 tuus
1511 548 1715 639 sollicitum,

59 656 141 728 210
163 651 334 728 Theseus.
385 655 522 728 Rursus
536 657 643 726 redeo
658 660 701 725 ad
722 659 864 724 illorum
880 651 1000 746 genus.
1097 645 1173 724 245
1211 648 1247 719 Si
1279 650 1483 742 permittam
1515 644 1609 721 hanc
1632 649 1653 688 '⁶
1673 681 1773 728 aram
1802 662 1971 754 sacrilega
2001 690 2083 758 spo.

116 758 286 828 Hercules
299 767 377 828 erat
389 757 482 830 lovis
497 772 531 828 et
546 759 738 828 Alcmenae
754 759 864 837 itinn
1066 781 1070 789 ’
1507 751 1590 823 lieri
1605 755 1643 824 vi

115 861 211 930 llaec
235 885 319 931 vero
348 871 383 928 et
406 860 548 952 Pelopis
570 862 730 954 filiae¹⁷).
796 859 894 952 Ergo
924 880 1047 927 conso-
1149 855 1205 923 Ab
1221 850 1380 947 hospite,
1405 880 1480 925 uon
1494 855 1645 926 liberam

478 962 574 1032 brini
1114 987 1116 990 ·
1148 957 1308 1026 Videbor
1333 958 1514 1049 possidere
1538 970 1690 1042 terram
1719 961 1862 1056 Argivis
1887 983 2084 1045 autemve.

115 1066 275 1135 Fuerunt
290 1079 372 1136 tuns
388 1079 489 1158 pater
510 1076 545 1133 et
561 1063 691 1136 horum
708 1079 821 1158 pater.
1509 1083 1594 1131 reor

118 1168 333 1262 Attingissic
349 1166 414 1240 hos
430 1191 580 1259 genere,
604 1195 625 1236 o
642 1164 896 1259 Demophoon.
1150 1159 1289 1230 Dedere
1315 1161 1509 1254 supplices,
1531 1163 1596 1234 etsi
1621 1158 1690 1253 hoc
1714 1180 1767 1236 est
1788 1192 1900 1262 prope
1922 1186 2084 1268 strangu.

61 1269 141 1348 215
178 1271 278 1366 Quae
306 1286 490 1364 praeterea
525 1282 622 1339 extra
657 1271 728 1339 iam
760 1271 890 1338 dictam
920 1291 1049 1354 cogna-
1515 1264 1687 1337 lationem
1699 1265 1757 1363 ¹⁸).

184 1379 186 1384 “
478 1372 613 1442 tionem
631 1386 665 1444 te
682 1385 825 1464 oportet
1152 1365 1301 1435 Utinam
1317 1391 1402 1437 vero
1418 1379 1499 1438 tuus
1517 1369 1689 1442 adventus
1705 1371 1829 1444 fnisset
1846 1376 1995 1453 felicior.

116 1481 324 1550 l’ersolvere
363 1478 465 1564 liliis,
512 1475 628 1546 dicam
664 1475 747 1555 tibi;
784 1473 921 1567 glorior
954 1472 1079 1548 enim²
1154 1467 1221 1538 Sed
1237 1482 1358 1539 tamen
1372 1495 1417 1539 ne
1441 1494 1537 1541 nunc
1552 1473 1697 1565 quidem
1720 1475 1879 1567 trepida,
1903 1504 1948 1552 ne
1973 1495 2006 1553 te
2022 1485 2091 1553 ali.-

479 1579 565 1648 olim
1516 1574 1595 1666 quis
2126 1571 2127 1574 '

27 1707 31 1714 ·
114 1683 333 1766 Messocium
366 1677 644 1768 uisseTheseo,
670 1704 748 1750 curu
773 1705 881 1751 essem
908 1676 1051 1748 scutifer
1102 1666 1177 1746 250
1202 1673 1292 1744 Cnrn
1308 1675 1427 1765 pueris
1444 1675 1575 1745 avellat
1591 1675 1636 1744 ab
1654 1670 1720 1744 hac
1735 1699 1795 1746 ara
1813 1681 1860 1753 vi.

473 1782 636 1853 llercnlis
1153 1774 1211 1846 'l'u
1226 1779 1316 1845 vade
1332 1779 1466 1870 Argos,
1489 1789 1525 1848 et
1542 1777 1599 1846 die
1614 1777 1680 1845 ista
1696 1777 1910 1872 Eurystheo.

116 1891 171 1958 Ad
197 1889 388 1978 peteudnru
418 1884 623 1968 baltheum,
658 1886 720 1980 qui
741 1885 808 1954 fuit
830 1907 934 1954 causa
961 1882 1051 1952 mul·
1152 1875 1208 1946 Ad
1253 1873 1339 1948 hacc
1372 1881 1402 1950 si
1435 1905 1544 1976 quarn
1590 1875 1699 1949 habet
1740 1905 1882 1955 cansam
1918 1890 2086 1962 adversus

478 2004 595 2058 tarum
613 1989 787 2058 caedium.
1510 1975 1680 2073 hospites,
2054 1969 2070 1990 ⁸

116 2091 274 2163 Reduxit
307 2092 476 2163 Hercules
509 2115 551 2179 er
582 2090 769 2181 profundis
796 2087 934 2180 angulis
964 2087 1051 2155 infe·
1154 2079 1400 2177 Consequetur
1424 2083 1615 2169 iudicium,
1649 2084 1734 2156 istos
1758 2111 1941 2184 nunquam
1963 2107 2002 2165 tu
2026 2097 2086 2166 ab·

477 2216 599 2262 rorum
1513 2189 1630 2257 duces.

65 2302 143 2372 220
169 2297 313 2366 Patrem
332 2309 445 2368 tuum.
498 2297 575 2364 Hoc
592 2294 657 2364 scit
671 2307 744 2364 tota
762 2292 926 2374 Graecia,
1156 2290 1232 2375 cop.
1257 2285 1340 2357 Non
1363 2287 1537 2358 abducam
1555 2313 1642 2380 ego,
1663 2289 1693 2359 si
1707 2291 1815 2361 fuerit
1829 2293 1981 2381 iustum,
2008 2299 2087 2370 etsi

119 2401 190 2468 l’ro
215 2400 343 2493 quibus
368 2401 516 2467 reddere
542 2410 575 2467 te
599 2396 657 2467 isti
688 2398 841 2466 vicissim
870 2391 1054 2484 postulant
1168 2391 1170 2394 ’
1508 2389 1627 2460 vicero
1648 2393 1819 2463 causam?

473 2501 638 2589 gratiam,
1103 2486 1179 2564 255
1202 2494 1302 2562 item.
1328 2491 1522 2585 Quomodo
1543 2504 1660 2585 potest
1682 2517 1755 2566 esse
1778 2497 1929 2583 iustum,
1954 2503 2088 2595 snppli-

119 2605 172 2676 Ne
190 2616 362 2694 cogantur
376 2604 554 2698 discedere
571 2626 590 2670 a
608 2615 716 2686 terra,
974 2687 975 2690 Ἴ
1513 2618 1587 2663 cem
1607 2595 1783 2668 abducere
1799 2597 1858 2668 vi?

118 2707 165 2774 vi
179 2707 341 2777 distracti
357 2707 402 2776 ab
420 2707 492 2777 aris
508 2704 590 2778 tuis.
1156 2702 1232 2786 cop.
1253 2695 1490 2791 Nequaquam
1510 2693 1600 2766 mihi
1622 2691 1693 2766 hoc
1715 2712 1818 2793 turpe
1844 2714 1915 2786 est,
1939 2706 2000 2774 scd
2022 2707 2089 2777 tibi

120 2809 237 2894 „Tibi
261 2807 356 2879 enim
375 2808 544 2902 privatim
561 2803 629 2876 hoc
645 2819 748 2897 turpe
770 2801 896 2884 fuerit,
919 2812 953 2870 et
968 2799 1054 2868 civi·
1517 2799 1625 2868 fuerit
1637 2801 1771 2874 decori.
2191 2789 2194 2794 Δ

476 2909 543 2980 tati
559 2909 713 2980 malum:
1155 2905 1255 2972 nem.
1293 2899 1396 2971 Certe
1420 2898 1510 2971 mihi
1534 2901 1601 2972 erit
1623 2904 1791 2988 dedecus,
1829 2907 1858 2976 si
1883 2930 2089 2980 concessero

68 3011 146 3091 226
177 3015 404 3100 „proiecisse
430 3013 605 3106 supplices
633 3010 750 3081 exules
774 3017 944 3097 cognatos
968 3001 1055 3098 (hen
1201 3011 1206 3020 '
1514 3003 1601 3074 istos
1616 3002 1833 3078 abstrahere.

362 3157 367 3166 .
479 3115 605 3207 mala),
1158 3108 1234 3192 Gop.
1261 3104 1320 3173 Tu
1335 3105 1450 3195 relega
1474 3130 1535 3175 eos
1550 3129 1591 3175 ex
1611 3107 1680 3177 tuis
1694 3109 1843 3194 finibus,
1867 3123 1902 3180 et
1919 3111 2002 3182 iude
2024 3136 2089 3204 ego
2191 3113 2196 3118 ’

121 3221 264 3292 lniu'ere
282 3243 362 3300 eos,
384 3215 465 3287 vide
482 3241 542 3288 eos
558 3210 655 3286 trahi
669 3212 716 3284 vi.
1203 3205 1207 3216 ’
1514 3209 1700 3280 abducam.

121 3327 191 3393 Sed
205 3347 295 3415 rogo
311 3334 365 3405 te,
393 3333 428 3390 et
444 3343 578 3390 corono
592 3311 672 3388 tuas
687 3337 828 3398 manus,
1156 3312 1256 3380 nem.
1294 3307 1461 3392 „Pravus
1487 3333 1545 3394 es,
1583 3309 1613 3380 si
1634 3311 1688 3382 vis
1719 3312 1945 3386 cavillatione
1973 3313 2091 3386 Deum
2192 3371 2197 3390 .

121 3425 171 3496 Et
189 3449 316 3519 precor
337 3438 371 3493 te
395 3423 558 3494 osculans
580 3432 741 3492 mentum
770 3431 893 3497 tuum,
930 3437 975 3482 ue
994 3437 1056 3482 ne·
1515 3413 1671 3486 eludere.
1749 3413 1753 3420 “

479 3526 589 3618 gligas
1107 3513 1183 3587 260
1216 3517 1292 3602 Gop.
1323 3511 1420 3605 Ergo
1435 3510 1504 3586 huc
1520 3512 1578 3611 (ut
1591 3514 1749 3610 videtur)
1764 3517 1868 3590 malis
1884 3505 2092 3611 fugiendum

121 3631 233 3701 Filios
250 3629 434 3712 Herculis,
457 3653 537 3697 cum
555 3625 663 3698 semel
680 3623 725 3692 ad
739 3633 775 3691 te
791 3619 965 3703 venerint.
1519 3631 1582 3688 est.

68 3736 147 3810 230
168 3733 223 3804 Sis
238 3757 324 3802 vero
339 3733 408 3802 illis
423 3742 614 3818 cognatus,
637 3727 684 3796 sis
699 3725 845 3804 amicus,
1158 3720 1257 3788 Dem.
1286 3769 1309 3816 ‚,
1318 3715 1495 3790 Omnibus
1511 3733 1563 3790 est
1585 3732 1764 3813 receptum
1783 3725 2091 3814 propugnaculum

96 3838 250 3920 “Pater,
272 3838 403 3918 frater,
425 3831 612 3911 dominns;
638 3827 759 3896 omnia
774 3826 868 3895 euim
1517 3844 1578 3890 ara
1595 3821 1768 3892 Deorum.

121 3940 218 4009 llaec
236 3951 319 4008 sunt
335 3936 497 4030 potiora,
518 3958 627 4027 qnam
645 3928 799 3999 incidere
816 3927 854 3994 in
871 3922 1036 4015 Argivos.
1159 3923 1235 4008 cop.
1259 3918 1356 3989 llaec
1370 3945 1445 3992 uon
1462 3921 1678 3993 videbuntur
1690 3922 1827 4015 pariter
1840 3923 2054 4016 Mycenaeis.
2162 4004 2163 4014 χ

124 4045 223 4116 Ghor.
244 4041 413 4113 Misertus
428 4063 505 4109 sum
523 4061 588 4127 ego
606 4033 752 4103 audiens
775 4030 859 4100 istas
876 4027 1056 4099 calamita-
1158 4025 1258 4092 Dem.
1282 4021 1411 4093 Nonne
1431 4019 1489 4092 hic
1505 4048 1570 4114 ego
1586 4049 1665 4094 sum
1683 4024 1874 4096 dominus?

485 4153 556 4223 tes,
583 4160 693 4220 orer,
1159 4127 1236 4213 (lep.
1263 4120 1363 4195 Nihil
1379 4127 1523 4196 laedens
1542 4127 1642 4212 illos,
1664 4125 1695 4198 si
1711 4127 1817 4219 sapis.

122 4244 356 4317 Nobilitatem
375 4254 590 4338 prostratam
608 4265 628 4310 a
644 4239 787 4308 fortuna
995 4297 996 4300 ,
1108 4221 1184 4296 265
1215 4230 1315 4298 Dem.
1341 4226 1544 4298 Laedimini
1567 4252 1674 4320 ergo,
1697 4231 1726 4302 si
1746 4254 1812 4324 ego
1835 4255 1910 4302 non
1933 4233 2093 4324 polluam

70 4344 149 4424 235
168 4347 274 4420 Nunc
288 4346 442 4416 maxime
459 4345 545 4416 vidi.
596 4341 659 4412 Isti
675 4342 770 4410 enim
787 4362 805 4408 e
823 4347 922 4428 patre
1520 4330 1640 4402 Deos?

123 4451 273 4543 Optimo
289 4451 393 4532 nati,
404 4460 487 4519 sunt
502 4449 541 4516 in
556 4445 711 4516 maxima
728 4439 941 4511 calamitate.
1161 4433 1237 4520 cop.
1260 4428 1343 4501 Non
1359 4434 1486 4503 vellem
1504 4447 1538 4506 te
1552 4435 1685 4504 bellum
1704 4433 1848 4507 movere
1864 4435 2016 4528 Argivis.

122 4558 222 4626 Dem.
246 4552 337 4624 Tres
350 4575 407 4620 me
423 4551 503 4618 viae
518 4545 624 4620 huius
639 4569 739 4617 casus
754 4552 898 4633 cogunt,
1159 4535 1259 4604 Dem-
1281 4533 1328 4604 Et
1350 4559 1416 4628 ego
1437 4535 1486 4608 sic
1511 4563 1589 4608 sum
1613 4539 1775 4620 allectum
1799 4540 1885 4610 istos
1909 4561 1994 4608 vero
2018 4563 2093 4608 non

123 4656 158 4728 Ο
170 4654 285 4742 Iolae,
306 4667 348 4726 ut
360 4678 406 4724 ue
423 4651 599 4743 depellam
614 4662 695 4720 tuos
708 4643 878 4736 hospites.
1520 4644 1693 4713 deseram.

123 4761 247 4831 Prima
263 4782 389 4842 causa,
407 4753 561 4847 Iupiter,
582 4751 621 4819 in
636 4749 735 4821 cuius
750 4771 812 4818 ara
1098 4781 1102 4792 ·
1162 4740 1238 4827 cop.
1262 4738 1339 4833 Ego
1357 4740 1531 4812 abducam
1549 4767 1659 4812 meos.

70 4860 150 4937 240
171 4863 231 4934 Tu
253 4863 373 4944 sedes,
400 4855 537 4928 habens
559 4849 656 4924 hunc
676 4863 815 4920 coetum
843 4845 1038 4937 pullorum,
1159 4845 1258 4911 Dem.
1282 4842 1339 4910 An
1356 4865 1431 4912 non
1447 4843 1516 4912 cito
1534 4845 1608 4914 abis
1626 4853 1723 4912 retro
1738 4840 1878 4933 Argos?

125 4966 264 5035 Deinde
276 4961 455 5055 cognatio.
478 4958 597 5048 Etego
614 4979 693 5025 cum
709 4953 779 5022 illis
795 4963 876 5020 ante
894 4949 1057 5032 debeam,
1108 4941 1184 5014 270
1211 4946 1287 5032 Gop.
1315 4943 1431 5014 Sciam
1449 4946 1633 5037 experiens
1649 4943 1734 5015 cito.

480 5073 574 5132 recte
1090 5114 1095 5124 ,
1158 5048 1258 5114 Dem.
1282 5046 1434 5116 Plorans
1451 5059 1548 5116 certo
1568 5047 1738 5138 attinges,
1762 5044 1870 5138 idque
1884 5044 2016 5117 statim.

72 5173 283 5189 *να-ῆι.-

1109 5215 1307 5228 m

110 5266 157 5331 ii)
176 5265 287 5328 Pelopis
304 5257 399 5327 ittae]
424 5259 467 5308 his
484 5257 512 5307 in
531 5267 617 5319 marg.
636 5253 719 5305 editt.
739 5251 832 5309 isse„
852 5247 925 5298 ieet.
947 5247 1059 5298 ‘adiecto

146 5341 191 5387 eet
216 5331 374 5384 annotatio:
402 5327 564 5390 hysidtoem
591 5323 653 5374 eide
678 5319 950 5373 vitiumnumerus.
970 5312 1056 5380 [Picti.
1146 5310 1192 5375 te)
1212 5323 1297 5376 prope
1315 5314 1587 5378 strangulationem]
1606 5315 1648 5364 its
1666 5315 1692 5363 in
1712 5323 1800 5372 marg.
1818 5312 1899 5362 titiis.
1916 5312 2000 5364 loeo..
2015 5315 2082 5364 sese

145 5403 204 5455 vite
220 5401 318 5452 Thesei
336 5413 359 5452 e.
377 5397 417 5456 7.]
1177 5381 1318 5445 edeortpts
1334 5387 1379 5434 eet
1395 5383 1600 5445 interpretatio:
1619 5384 1811 5448 portentosum.
2081 5407 2087 5420 ·

74 5492 260 5555 sirmam.
284 5486 391 5572 oren.
414 5480 498 5544 Von.
521 5475 645 5540 XVltl.
1079 5527 1081 5532 .
1541 5449 1589 5524 58
1681 5517 1689 5528 ,
