4662 5804
61 189 148 261 1033
248 260 250 266 Ι
553 178 675 256 lxxi.
715 162 1128 258 lilt'rtiuPRllrario
1154 185 1279 260 10le
1304 189 1553 268 EURIPIDIS.
1637 136 1643 148 ·
1988 209 2086 282 1054

59 355 126 436 925
150 361 229 428 Sea.
273 351 307 420 O
329 351 420 435 filia,
460 337 536 420 non
566 377 710 444 possum
735 337 866 426 ‘sanari
897 355 1039 430 intuens
1143 365 1217 432 (ἵνα.
1245 361 1327 432 Sola
1346 365 1384 432 in
1402 379 1526 449 antro,
1552 368 1613 436 ubi
1632 394 1832 466 compressa
1848 403 1938 451 sum.

458 466 556 524 tuam
736 485 740 494 ⁴
1092 459 1167 532 950
1189 466 1272 535 Seu.
1298 465 1395 535 Puer
1410 469 1471 538 ubi
1487 479 1555 554 est,
1582 484 1622 540 ut
1636 495 1711 543 non
1725 478 1771 548 sis
1786 480 1861 552 sine
1875 481 2020 552 liberis?

103 560 260 631 Faciem:
289 569 386 628 extra
404 581 461 626 me
479 579 590 628 eram.
1142 567 1217 636 Gra.
1244 567 1411 641 Mortuus
1429 585 1481 642 est
1499 574 1677 663 expositus
1696 579 1827 652 bestiis.

102 659 320 733 Exhauriens
343 659 439 730 enim
469 681 651 730 menone
682 659 830 733 fluctum
860 663 1038 735 malorum
1142 669 1222 738 sen.
1256 669 1421 742 Mortuus
1453 686 1522 756 est,
1565 696 1611 743 an
1639 679 1770 770 Apollo
1803 684 1961 776 ingratus
1990 683 2082 756 nihil
2144 707 2152 726 .

457 762 579 830 animo
1534 777 1537 782 ’
1606 777 1618 844 i
1641 779 1658 848 ?

102 872 132 938 A
147 864 257 958 puppi
273 863 394 934 obruit
407 863 496 933 alins
508 815 636 934 fluclus
653 885 673 931 a
690 863 759 982 tuis
776 865 912 950 verbis,
1143 877 1216 944 Gre.
1249 870 1347 946 Nihil
1371 875 1480 961 iuvit,
1498 777 1795 977 Ρέἒιξῃειιιειίςιιιιιι
1819 888 1856 957 ἰιι
1882 892 1991 962 domo
2015 917 2080 986 pu.

103 969 201 1063 Quae
217 966 337 1036 dicens
354 989 374 1033 a
388 967 634 1057 praesentibus
649 967 753 1036 maha
1499 981 1609 1053 doris.

59 1071 125 1142 950
150 1069 340 1140 Transiisti
355 1069 402 1137 ad
416 1069 491 1138 vias
508 1067 661 1138 eliorum
679 1069 870 1141 maiorum.
1139 1081 1221 1149 Sep,
1237 1078 1327 1170 Quis
1338 1079 1453 1170 ipsum
1468 1083 1654 1174 exposuit?
1667 1109 1740 1155 non
1759 1089 1853 1159 enim
1870 1104 1908 1164 ,u
1924 1095 2079 1190 quidem·
2178 1109 2185 1132 ι

102 1173 195 1267 Quid
211 1171 288 1242 ais?
315 1195 384 1266 qua
398 1171 539 1241 ratione
555 1193 698 1242 accusas
715 1167 928 1242 Phoebum?
1090 1175 1164 1250 955
1193 1183 1267 1253 cre.
1292 1181 1366 1253 Nos
1381 1195 1485 1252 nocte
1502 1187 1649 1256 obscura
1666 1189 1888 1264 involventes
1904 1198 2028 1289 peplis.

102 1274 214 1368 Quale
230 1297 380 1366 puerum
398 1274 450 1345 als
468 1287 502 1343 te
518 1275 716 1367 peperisse,
744 1287 778 1344 et
796 1299 867 1368 quo
883 1275 961 1343 loco
979 1298 1037 1344 ur·
1140 1286 1222 1355 See.
1247 1283 1363 1354 Nemo
1382 1286 1541 1358 conscius
1556 1287 1622 1358 tibi
1637 1302 1688 1360 est
1705 1295 1935 1384 expositionis
1949 1300 2038 1370 filii?
2149 1313 2155 1380 ζ
2218 1259 2221 1267 ¹

453 1377 508 1446 bis
523 1376 682 1468 posuisse
1141 1389 1215 1458 Gre.
1239 1383 1318 1477 Ipsa
1335 1386 1537 1474 calamitas,
1565 1402 1600 1459 et
1615 1391 1713 1485 ipsae
1728 1395 1885 1468 latebrae
1901 1413 2053 1475 tentum.

101 1479 224 1552 bestiis
240 1490 379 1571 gratum
396 1478 566 1570 epulum?
590 1481 714 1548 redeas
728 1479 837 1572 igitur
851 1475 920 1548 huc
935 1473 1036 1548 mihi.
1139 1492 1222 1560 sen,
1247 1486 1294 1556 Et
1309 1492 1491 1582 quomodo
1513 1491 1552 1561 in
1575 1507 1678 1564 am„
1703 1521 1853 1590 puerum
1875 1503 2078 1599 relinquere
2168 1514 2173 1520 -

102 1585 170 1655 (Ire.
197 1583 427 1676 Quamquam
444 1583 573 1674 pudet,
598 1593 721 1650 tamen
737 1582 852 1651 dicam
870 1581 1011 1652 iterum.
1497 1617 1583 1666 ausa
1604 1595 1666 1670 es?

60 1681 124 1754 005
154 1689 236 1758 Sea.
271 1685 365 1777 Quia
393 1684 465 1756 scio
493 1704 663 1775 generose
695 1707 767 1762 una
801 1685 922 1755 dolere
956 1706 1035 1754 cum
1141 1694 1214 1764 cre.
1242 1692 1461 1785 Quomodo?
1487 1695 1962 1778 dicentmultamiseranda.

291 1879 295 1886 Ι
347 1810 350 1823 ·
463 1787 596 1856 amieis.
1088 1791 1164 1864 960
1189 1797 1271 1868 Sep.
1299 1795 1333 1864 Ο
1351 1809 1386 1865 te
1403 1799 1588 1870 audacem!
1621 1799 1719 1874 Deus
1735 1819 1855 1877 autem
1878 1809 2003 1879 durior
2027 1821 2078 1880 est

103 1895 171 1962 dre.
197 1887 295 1960 Audi
311 1888 434 1980 igitur:
461 1889 595 1959 novisti
610 1886 802 1980 Cecropiae
819 1889 919 1981 rupis
1499 1924 1608 1994 qnam
1628 1915 1679 1974 tu.

101 1990 383 2083 septentrionale
400 2002 563 2074 anuum,
590 2013 678 2084 quas
694 1991 834 2062 Maenas
849 2003 990 2061 vocant.
1140 2003 1213 2073 οη,
1250 1998 1289 2069 si
1320 2023 1471 2092 puerum
1503 2002 1649 2075 vidisses
1680 2029 1806 2082 manus
1836 2013 2078 2103 porrigentem

100 2099 176 2166 Seu.
202 2094 308 2176 Scio,
334 2093 396 2164 ubi
412 2105 464 2164 est
478 2093 646 2164 sacellum
658 2092 767 2168 Panis
783 2107 819 2164 et
833 2117 896 2163 ara
912 2115 1035 2186 prope.
1494 2101 1596 2178 mihi·
1841 2115 1842 2120 κ

101 2203 171 2271 Gre-
197 2195 252 2268 lbi
270 2196 517 2266 Sllbfldlfficfle
535 2207 727 2268 certamen·
1138 2206 1220 2275 Sea.
1246 2203 1303 2272 An
1333 2219 1553 2298 expetentem
1577 2208 1711 2298 ubera,
1745 2225 1808 2282 aut
1826 2213 1980 2287 insidere
2008 2216 2078 2287 tuis

60 2297 123 2370 940
154 2305 237 2372 Seu.
274 2298 408 2391 Quod?
450 2311 491 2369 ut
515 2313 707 2369 occurrunt
725 2294 930 2392 lachrymae
954 2308 1035 2367 tuae
1067 2335 1073 2346 ·
1184 2308 1186 2315 ’
1495 2306 1675 2380 brachiis?

455 2401 623 2470 θῐὸῐὶῠῦἱ·
1140 2410 1213 2477 Ore.
1241 2403 1312 2492 lbi,
1340 2409 1400 2479 ubi
1419 2411 1496 2496 iile,
1524 2413 1585 2505 qui
1602 2409 1692 2481 nihil
1717 2398 1789 2482 iarn
1815 2429 1910 2500 erat,
1943 2401 2076 2488 iniusta

101 2508 169 2575 dre.
202 2505 296 2575 Cum
320 2498 468 2574 Phoebo
499 2503 667 2573 coniunxi
695 2505 808 2574 invita
842 2501 1033 2571 infaustum
1501 2514 1773 2612 patiebatur-⁰⁸).

411 2695 413 2698 Ι
452 2607 683 2676 connubium.
1136 2612 1217 2681 Seu.
1251 2609 1335 2680 Tibi
1360 2637 1445 2682 vero
1470 2639 1580 2708 quare
1606 2617 1765 2686 venitin
1787 2631 1942 2690 mentem
1969 2618 2076 2712 expe·

99 2711 175 2778 Sea.
206 2708 245 2780 Ο
266 2707 359 2796 illie,
392 2731 481 2778 num
504 2721 608 2778 erant
629 2708 709 2791 illa,
749 2729 841 2801 qnae
866 2727 930 2795 ego
958 2727 1036 2774 sen·
1498 2741 1583 2788 nere
1598 2718 1733 2789 filium?

377 2821 383 2828 '
456 2810 598 2881 seram?
1089 2809 1162 2882 965
1190 2816 1264 2886 cre.
1292 2816 1488 2907 Sperabam
1506 2818 1624 2890 Deum
1646 2833 1873 2893 servaturum
1898 2845 1998 2894 suam
2020 2846 2076 2894 so·

101 2914 167 2981 Gre.
194 2911 344 2993 Nesoio;
371 2935 456 2982 vera
471 2913 502 2983 si
516 2913 622 2996 dicis,
648 2934 730 2981 vera
745 2906 1004 3004 latebimurffl).
1492 2922 1624 2995 bolem.

100 3013 175 3086 Seu.
193 3015 353 3110 Quando
369 3015 535 3105 gemebas
551 3015 640 3083 clam
659 3035 830 3082 arcanum
844 3009 1035 3082 morbum?
1138 3021 1217 3089 Sea.
1244 3019 1310 3088 IIei
1326 3022 1474 3092 domum
1491 3036 1609 3109 tuam,
1642 3037 1682 3093 ut
1703 3025 1851 3098 felicitas
1873 3025 1946 3098 eius
1965 3026 2076 3118 agite·
2144 3075 2150 3088 ‚

60 3108 122 3183 945
148 3122 220 3191 (Ire.
251 3117 329 3187 Hoc
349 3129 425 3188 'erat
440 3117 597 3200 malum,
624 3116 720 3210 quod
735 3139 831 3184 nunc
848 3114 915 3182 tibi
934 3137 1034 3206 aper·
1498 3139 1557 3196 rur
1571 3126 1753 3198 fluctibus!

453 3231 488 3288 te
505 3219 603 3288 dico.
1526 3237 1530 3243 '

99 3321 175 3390 Sea.
191 3321 333 3392 Deinde
351 3324 534 3416 quomodo
552 3319 670 3391 celasti
679 3316 856 3409 Apollinis
869 3314 1034 3410 nuptias?
1087 3298 1290 3310 “⁶‘'-

101 3424 170 3492 Gre.
194 3423 327 3516 Peperi
345 3424 511 3520 (audiens
528 3449 569 3493 ex
584 3447 661 3506 me,
689 3413 898 3515 cohibete).
1121 3455 1169 3513 os)
1187 3455 1253 3506 sen.
1278 3453 1393 3514 pusaeo
1410 3479 1445 3492 -
1462 3455 1624 3520 paeteretur.
1649 3456 1708 3522 (vs.
1727 3457 1780 3508 see
1791 3481 1826 3496 -
1838 3455 1931 3520 arei]
1959 3459 2000 3510 ste
2023 3459 2072 3511 tro.

97 3523 174 3594 Sea.
201 3525 303 3598 Ubi?
337 3539 370 3596 et
393 3529 472 3621 quis
496 3540 530 3595 te
550 3527 588 3593 in
612 3537 720 3617 partu
742 3523 953 3605 adiuvabat,
989 3544 1036 3590 an
1155 3522 1249 3584 ¹⁵⁶²o
1272 3521 1323 3572 aa.
1339 3523 1432 3574 166οι

435 3629 510 3697 3013
528 3626 725 3700 sustinuisti
741 3620 837 3695 hunc
850 3621 1034 3695 laborem?
1188 3627 1252 3678 Seu.
1270 3624 1452 3690 Aegritudine
1470 3627 1577 3678 occulta
1595 3639 1675 3689 quum
1692 3629 1838 3680 laborares
1855 3631 1933 3681 clem.

60 3723 252 3750 Ἢ
1098 3755 1103 3760 ,
1189 3695 1254 3746 cre.
1271 3695 1331 3743 iloe
1349 3699 1425 3758 eret,
1450 3708 1521 3757 quse
1537 3707 1611 3744 nune
1627 3695 1676 3745 tibi
1694 3697 1841 3748 mantissis
1857 3698 1949 3747 indico
1967 3701 2046 3751 mele.

1188 3765 1254 3816 Sea.
1272 3761 1307 3810 at
1325 3762 1422 3812 deinde
1440 3763 1539 3811 celesti
1556 3764 1690 3824 quomodo
1709 3765 1847 3826 Apollinis
1863 3760 1997 3827 nuptissl

1189 3831 1253 3882 Cre.
1273 3829 1388 3892 Peper13
1413 3830 1522 3880 sustine
1538 3833 1606 3881 liaeo
1622 3841 1640 3882 e
1657 3844 1700 3881 me
1717 3831 1850 3899 audiens,
1873 3846 1969 3884 senex.

146 3881 326 3946 „ueroeam
349 3886 462 3948 auster
480 3895 550 3947 quas
568 3882 659 3947 auide
676 3879 766 3932 nnus
780 3872 960 3941 anonymus
1188 3899 1255 3951 ses.
1273 3898 1343 3961 mr,
1372 3897 1434 3961 qun
1458 3898 1593 3949 osseum
1615 3899 1665 3950 tor
1687 3893 1760 3952 met
1789 3913 1825 3951 sn
1849 3903 1911 3953 sore
1937 3904 2071 3961 assensu

86 3961 128 4021 tt)
146 3967 227 4029 Seu]
252 3967 275 4017 0
300 3968 360 4018 fllia
377 3995 412 4006 -
429 3968 584 4020 fatebimur.
613 3966 671 4034 (vs.
689 3967 787 4018 020-
799 3965 890 4026 mi]
918 3965 961 4016 sle
985 3967 1034 4016 Ed.
1498 3961 1588 4018 iaec?
2087 3973 2090 3980 ‘

117 4033 205 4099 llere
230 4037 281 4087 Ed.
296 4037 388 4090 tenea
1188 4033 1254 4087 cre.
1273 4033 1340 4084 lois
1357 4031 1386 4082 in
1407 4035 1507 4097 antro,
1530 4035 1575 4086 obi
1593 4037 1720 4100 copulata
1737 4049 1811 4088 erem
1830 4039 1942 4101 ruptiis.

147 4107 213 4156 sen.
232 4104 255 4155 0
274 4105 349 4167 illia,
373 4117 429 4158 non
446 4107 523 4156 tuum
540 4103 699 4168 adspiciens
717 4102 830 4165 explear
893 4137 896 4144 .
1187 4105 1253 4156 fleo.
1270 4102 1343 4153 Puer
1359 4103 1450 4152 eutem
1469 4102 1516 4153 ubi
1539 4106 1584 4153 est
1632 4107 1664 4155 ιιι
1686 4109 1715 4156 ιιι
1737 4118 1792 4159 noo
1814 4107 1934 4170 anplius
1952 4109 1992 4159 sis
2011 4107 2071 4164 eine

147 4171 277 4236 vultum3
301 4175 383 4226 extre
399 4186 470 4226 vero
485 4175 578 4226 motus
596 4185 657 4224 som
674 4170 792 4222 animum
809 4183 913 4234 menne
1490 4137 1607 4223 liberis?

146 4239 283 4291 italorum
300 4242 371 4292 enlm
388 4245 468 4294 modo
485 4246 594 4294 ructum
612 4240 779 4292 miserisne
797 4241 904 4307 salmo,
1189 4239 1253 4292 Cre.
1271 4239 1397 4290 Mortuus
1417 4241 1461 4290 est
1504 4251 1520 4291 o
1538 4252 1642 4303 senex,
1667 4242 1737 4293 ieris
1755 4245 1906 4310 exposltns.

146 4309 170 4357 A
189 4307 271 4370 puppi
288 4308 363 4358 tollit
379 4323 423 4360 ms
439 4312 511 4362 elios
530 4312 584 4362 tuis
604 4320 621 4359 a
638 4307 826 4370 sermonibus,
1187 4311 1253 4362 sen.
1269 4309 1396 4358 Mortuus
1414 4274 1480 4359 esti
1508 4310 1608 4370 Apollo
1626 4321 1693 4362 vero
1710 4312 1850 4375 improbus
1866 4326 1924 4367 noo
1942 4313 2072 4371 auxilinm

148 4379 225 4436 Quos
243 4373 356 4426 eliciens
374 4388 393 4426 a
410 4378 715 4440 praesensissemus,
1485 4369 1573 4427 tulit?

113 4481 116 4486 .
147 4443 297 4494 reensiisti
315 4445 431 4496 eliorum
448 4449 583 4500 natorum
601 4447 636 4498 en
654 4445 742 4496 males
759 4445 832 4498 viss.
1189 4441 1252 4498 Ore.
1271 4443 1334 4495 tlon
1354 4441 1418 4494 tulit
1435 4443 1580 4509 omilium
1608 4447 1721 4512 pudoris
1745 4461 1815 4502 vero
1837 4450 1866 4502 tn
1890 4451 1969 4505 domo
1987 4449 2070 4501 insti·

148 4511 219 4574 Quid
237 4507 304 4564 sisi
328 4524 381 4575 qua
398 4515 522 4566 oratione
539 4515 694 4578 Apollinem
711 4509 846 4566 ineusssl
1492 4514 1553 4565 tuit.

149 4580 265 4641 Qualem
282 4581 352 4632 diois
369 4581 513 4643 peperisse
530 4577 636 4633 lilinml
661 4582 706 4632 ubi
723 4583 869 4644 posuisses
887 4583 1008 4634 civitatis
1186 4583 1252 4636 sen.
1270 4579 1403 4644 Quisnam
1420 4582 1510 4646 lpsnm
1527 4577 1675 4645 exposuri
1697 4595 1752 4636 non
1770 4586 1841 4636 enim
1858 4587 1888 4638 tn
1906 4585 2021 4650 quinem.

147 4646 230 4698 reris
246 4653 355 4716 gratum
373 4643 504 4712 epulum?
527 4660 650 4700 memora
665 4649 729 4698 mili
747 4649 843 4700 denuo.
1187 4650 1250 4702 cre.
1269 4651 1326 4701 Nos
1343 4650 1371 4700 in
1390 4652 1508 4702 obscure
1525 4653 1606 4702 noete
1621 4651 1797 4702 involventes
1816 4654 1913 4716 peplis.

148 4713 212 4769 lire.
231 4719 374 4770 Revereor
393 4717 500 4782 quidem
517 4719 561 4781 te,
584 4729 721 4782 osenex3
746 4716 835 4769 steen
853 4721 953 4771 temen
1186 4721 1254 4772 ses.
1277 4720 1371 4782 Neque
1394 4719 1529 4782 quispiam
1556 4719 1645 4768 tecum
1670 4719 1799 4770 conscius
1823 4727 1867 4772 est
1893 4721 2069 4784 expositionis

149 4787 213 4836 Seu·
233 4819 253 4850 s,
261 4788 396 4850 Quoniam
407 4786 530 4837 dolorem
542 4787 618 4836 terre
629 4785 693 4836 novi
707 4797 843 4848 generose
854 4800 915 4838 oum
926 4788 1031 4841 emiols.
1494 4778 1566 4835 nitri

150 4851 213 4904 Ore.
232 4856 303 4906 Audi
321 4869 392 4906 nuno
409 4854 480 4919 iem
509 4853 612 4905 novisti
631 4853 783 4915 Cecropiae
801 4856 897 4917 patres
1187 4851 1251 4906 Ore.
1269 4853 1335 4914 lpse
1352 4851 1519 4919 infortunia,
1542 4855 1570 4904 et
1588 4851 1676 4916 ipsun
1694 4855 1911 4908 intereuntem.

148 4919 265 4972 boreale
282 4927 410 4984 antrum,
433 4933 501 4986 quas
519 4923 629 4973 liceras
646 4915 795 4972 vocamus?
1186 4925 1252 4976 sse.
1270 4921 1307 4970 at
1323 4920 1456 4982 quomodo
1474 4921 1503 4972 ln
1520 4924 1601 4972 antro
1618 4935 1730 4986 puerum
1746 4926 1820 4975 tuum
1832 4925 1989 4989 refloruere
2003 4937 2070 4990 pes-

149 4990 215 5041 sea.
233 4990 320 5054 Novi,
338 4991 383 5042 obi
399 4990 485 5042 Pente
502 4993 584 5042 entre
600 4994 628 5040 et
643 5000 710 5040 arae
725 5001 821 5053 prope.
1491 4999 1525 5042 se
1542 4984 1595 5039 esi

152 5055 216 5109 Cre.
233 5059 272 5109 lbi
289 5061 426 5109 certamen
445 5071 531 5123 greve
548 5057 723 5110 certavimus.
1186 5054 1249 5108 Cre.
1269 5051 1432 5117 Quonoeol
1455 5056 1610 5118 miseranda
1627 5059 1713 5109 multe
1730 5071 1780 5112 ue
1798 5063 1949 5124 proterens.

151 5124 215 5176 seu.
241 5119 341 5188 onorii
370 5127 496 5189 quonlam
520 5127 627 5179 obvim
652 5126 765 5176 veniunt
787 5128 949 5190 lachryme
967 5127 1032 5177 mibi
1188 5128 1252 5174 etse.
1270 5124 1363 5191 Eleu,

455 5196 510 5246 tuis
529 5195 618 5246 dictis.
1166 5190 1286 5250 ‚infelix
1306 5192 1642 5258 supramemoratam,
1667 5195 1743 5245 liene
1760 5200 1851 5248 antem
1869 5199 1957 5260 meets
1976 5203 2011 5248 te.

153 5257 216 5310 οη.
238 5259 306 5312 (tum
323 5259 431 5312 Phoebo
446 5264 572 5315 contrari
589 5261 676 5312 invite
691 5260 800 5325 nuptias
818 5261 946 5315 mIseres.
1187 5259 1250 5312 Ore.
1268 5259 1298 5310 Si
1315 5271 1428 5322 puerum
1444 5261 1566 5311 vidisses
1583 5273 1681 5312 manus
1699 5267 1890 5316 extendentem
1909 5267 1944 5314 sd
1963 5279 2014 5320 me.

153 5329 218 5380 see.
237 5327 259 5380 0
277 5329 352 5392 illia,
379 5329 504 5380 nimirum
518 5333 604 5380 errant
621 5333 703 5392 laec,
728 5343 797 5393 quae
815 5332 892 5381 sensi
912 5344 971 5397 ogo.
1185 5330 1250 5380 see.
1268 5329 1360 5380 Ubera
1377 5331 1568 5392 appetentem,
1596 5333 1645 5380 eui
1662 5333 1696 5382 ad
1715 5334 1795 5384 ulnas
1814 5327 1917 5382 rnerel
1972 5342 1976 5358 ·

155 5391 219 5448 (tre.
235 5399 352 5462 Nesciat
374 5408 442 5449 esre
459 5411 527 5450 vero
546 5399 571 5448 sl
586 5399 675 5466 diois,
698 5399 855 5451 inurimur.
1187 5396 1252 5449 tire.
1268 5396 1308 5447 lbi
1326 5399 1356 5448 ιιι
1373 5409 1429 5448 non
1446 5395 1586 5466 existens,
1611 5399 1702 5464 iniqua
1721 5413 1821 5463 pessos
1839 5405 1884 5451 est
1902 5415 1919 5452 s
1936 5415 1987 5454 ne.

147 3809 235 3867 (bor.
253 3811 373 3878 „illem
398 3825 514 3880 maguus
532 3815 681 3865 messuros
698 3815 730 3862 ιιι
745 3813 860 3875 epertos
