<?xml version="1.0" encoding="UTF-8"?>
<!DOCTYPE html PUBLIC "-//W3C//DTD XHTML 1.0 Transitional//EN"
    "http://www.w3.org/TR/xhtml1/DTD/xhtml1-transitional.dtd">
<html xmlns="http://www.w3.org/1999/xhtml" xml:lang="en" lang="en">
 <head>
  <title>
</title>
<meta http-equiv="Content-Type" content="text/html;charset=utf-8" />
  <meta name='ocr-system' content='tesseract 3.04.00' />
  <meta name='ocr-capabilities' content='ocr_page ocr_carea ocr_par ocr_line ocrx_word'/>
</head>
<body>
  <div class='ocr_page' id='page_1' title='image "./corpusreformato17melagoog/corpusreformato17melagoog_0066.png"; bbox 0 0 4700 5808; ppageno 0'>
   <div class='ocr_carea' id='block_1_1' title="bbox 71 205 2103 368">
    <p class='ocr_par' dir='ltr' id='par_1_1' title="bbox 71 205 2103 368">
     <span class='ocr_line' id='line_1_1' title="bbox 71 205 2103 368; baseline -0.006 -19"><span class='ocrx_word' id='word_1_1' title='bbox 71 273 117 349; x_wconf 85' lang='lat' dir='ltr'>os</span> <span class='ocrx_word' id='word_1_2' title='bbox 224 269 365 346; x_wconf 82' lang='lat' dir='ltr'>rnvn.</span> <span class='ocrx_word' id='word_1_3' title='bbox 413 263 816 346; x_wconf 68' lang='lat' dir='ltr'>urrannei-sno</span> <span class='ocrx_word' id='word_1_4' title='bbox 839 263 1013 368; x_wconf 80' lang='lat' dir='ltr'>ornus</span> <span class='ocrx_word' id='word_1_5' title='bbox 1039 259 1427 362; x_wconf 78' lang='lat' dir='ltr'>ousnnnsnnn</span> <span class='ocrx_word' id='word_1_6' title='bbox 1451 259 1735 348; x_wconf 71' lang='lat' dir='ltr'>prouentu</span> <span class='ocrx_word' id='word_1_7' title='bbox 1767 259 1857 336; x_wconf 82' lang='lat' dir='ltr'>un.</span> <span class='ocrx_word' id='word_1_8' title='bbox 1879 205 1939 335; x_wconf 73' lang='lat'>111.</span> <span class='ocrx_word' id='word_1_9' title='bbox 2050 259 2103 336; x_wconf 85' lang='lat' dir='ltr'>ss</span> 
     </span>
    </p>
   </div>
   <div class='ocr_carea' id='block_1_2' title="bbox 72 438 1061 730">
    <p class='ocr_par' dir='ltr' id='par_1_2' title="bbox 72 438 1061 730">
     <span class='ocr_line' id='line_1_2' title="bbox 72 438 1059 527; baseline -0.008 -13"><span class='ocrx_word' id='word_1_10' title='bbox 72 446 217 527; x_wconf 83' lang='lat' dir='ltr'>relicus,</span> <span class='ocrx_word' id='word_1_11' title='bbox 243 441 510 527; x_wconf 72' lang='lat' dir='ltr'>misericordes,</span> <span class='ocrx_word' id='word_1_12' title='bbox 533 442 637 512; x_wconf 87' lang='lat' dir='ltr'>facile</span> <span class='ocrx_word' id='word_1_13' title='bbox 658 438 957 524; x_wconf 89' lang='lat' dir='ltr'>reconciliabiles,</span> <span class='ocrx_word' id='word_1_14' title='bbox 983 463 1059 508; x_wconf 90' lang='lat' dir='ltr'>nou</span> 
     </span>
     <span class='ocr_line' id='line_1_3' title="bbox 73 541 1061 639; baseline -0.006 -21"><span class='ocrx_word' id='word_1_15' title='bbox 73 545 239 618; x_wconf 88' lang='lat' dir='ltr'>habentes</span> <span class='ocrx_word' id='word_1_16' title='bbox 270 545 392 617; x_wconf 88' lang='lat' dir='ltr'>irritos</span> <span class='ocrx_word' id='word_1_17' title='bbox 420 547 595 639; x_wconf 90' lang='lat' dir='ltr'>impetus&#39;,</span> <span class='ocrx_word' id='word_1_18' title='bbox 634 544 789 637; x_wconf 88' lang='lat' dir='ltr'>denique</span> <span class='ocrx_word' id='word_1_19' title='bbox 818 541 1061 635; x_wconf 90' lang='lat' dir='ltr'>voluptatibus</span> 
     </span>
     <span class='ocr_line' id='line_1_4' title="bbox 75 645 396 730; baseline 0.006 -14"><span class='ocrx_word' id='word_1_20' title='bbox 75 647 229 718; x_wconf 76' lang='lat' dir='ltr'>venereis</span> <span class='ocrx_word' id='word_1_21' title='bbox 246 645 396 730; x_wconf 73' lang='lat' dir='ltr'>deditos.</span> 
     </span>
    </p>
   </div>
   <div class='ocr_carea' id='block_1_3' title="bbox 15 781 1062 1184">
    <p class='ocr_par' dir='ltr' id='par_1_3' title="bbox 64 781 1062 872">
     <span class='ocr_line' id='line_1_5' title="bbox 64 781 1062 872; baseline -0.003 -19"><span class='ocrx_word' id='word_1_22' title='bbox 64 793 73 808; x_wconf 85' lang='lat'>&#39;</span> <span class='ocrx_word' id='word_1_23' title='bbox 168 781 211 852; x_wconf 93' lang='lat' dir='ltr'>ln</span> <span class='ocrx_word' id='word_1_24' title='bbox 226 783 417 855; x_wconf 75' lang='lat' dir='ltr'>contrariis</span> <span class='ocrx_word' id='word_1_25' title='bbox 433 805 520 851; x_wconf 92' lang='lat' dir='ltr'>vero</span> <span class='ocrx_word' id='word_1_26' title='bbox 535 781 642 866; x_wconf 90' lang='lat' dir='ltr'>locis,</span> <span class='ocrx_word' id='word_1_27' title='bbox 676 781 843 872; x_wconf 87' lang='lat' dir='ltr'>ignavos,</span> <span class='ocrx_word' id='word_1_28' title='bbox 871 790 1062 860; x_wconf 86' lang='lat' dir='ltr'>amatores,</span> 
     </span>
    </p>

    <p class='ocr_par' dir='ltr' id='par_1_4' title="bbox 15 881 1062 1184">
     <span class='ocr_line' id='line_1_6' title="bbox 75 881 1061 974; baseline -0.005 -19"><span class='ocrx_word' id='word_1_29' title='bbox 75 885 313 971; x_wconf 81' lang='lat' dir='ltr'>effeminatos,</span> <span class='ocrx_word' id='word_1_30' title='bbox 351 883 583 966; x_wconf 89' lang='lat' dir='ltr'>mulierosus,</span> <span class='ocrx_word' id='word_1_31' title='bbox 630 883 795 966; x_wconf 87' lang='lat' dir='ltr'>timidos,</span> <span class='ocrx_word' id='word_1_32' title='bbox 842 881 1061 974; x_wconf 88' lang='lat' dir='ltr'>negligentes</span> 
     </span>
     <span class='ocr_line' id='line_1_7' title="bbox 15 981 1062 1077; baseline -0.01 -17"><span class='ocrx_word' id='word_1_33' title='bbox 15 1047 16 1060; x_wconf 67' lang='grc'>,</span> <span class='ocrx_word' id='word_1_34' title='bbox 75 987 274 1058; x_wconf 88' lang='lat' dir='ltr'>discrimina</span> <span class='ocrx_word' id='word_1_35' title='bbox 291 989 492 1070; x_wconf 89' lang='lat' dir='ltr'>actionum,</span> <span class='ocrx_word' id='word_1_36' title='bbox 519 987 714 1077; x_wconf 88' lang='lat' dir='ltr'>pronosad</span> <span class='ocrx_word' id='word_1_37' title='bbox 733 984 939 1069; x_wconf 82' lang='lat' dir='ltr'>libidinem,</span> <span class='ocrx_word' id='word_1_38' title='bbox 971 981 1062 1053; x_wconf 90' lang='lat' dir='ltr'>infa-</span> 
     </span>
     <span class='ocr_line' id='line_1_8' title="bbox 15 1089 748 1184; baseline 0.004 -30"><span class='ocrx_word' id='word_1_39' title='bbox 15 1139 16 1154; x_wconf 68' lang='lat'>.</span> <span class='ocrx_word' id='word_1_40' title='bbox 75 1091 162 1161; x_wconf 84' lang='lat' dir='ltr'>miae</span> <span class='ocrx_word' id='word_1_41' title='bbox 178 1089 419 1184; x_wconf 74' lang='lat' dir='ltr'>negligentes,</span> <span class='ocrx_word' id='word_1_42' title='bbox 445 1089 627 1159; x_wconf 92' lang='lat' dir='ltr'>obscuros.</span> <span class='ocrx_word' id='word_1_43' title='bbox 742 1171 748 1184; x_wconf 32' lang='lat'>⁸</span> 
     </span>
    </p>
   </div>
   <div class='ocr_carea' id='block_1_4' title="bbox 357 1292 783 1364">
    <p class='ocr_par' dir='ltr' id='par_1_5' title="bbox 357 1292 783 1364">
     <span class='ocr_line' id='line_1_9' title="bbox 357 1292 783 1364; baseline -0.005 -2"><span class='ocrx_word' id='word_1_44' title='bbox 357 1295 469 1362; x_wconf 76' lang='lat' dir='ltr'>Vcsssss</span> <span class='ocrx_word' id='word_1_45' title='bbox 493 1314 570 1361; x_wconf 81' lang='lat' dir='ltr'>coss</span> <span class='ocrx_word' id='word_1_46' title='bbox 594 1292 783 1364; x_wconf 75' lang='lat' dir='ltr'>Mercurio.</span> 
     </span>
    </p>
   </div>
   <div class='ocr_carea' id='block_1_5' title="bbox 15 1440 1069 2660">
    <p class='ocr_par' dir='ltr' id='par_1_6' title="bbox 15 1440 1069 2660">
     <span class='ocr_line' id='line_1_10' title="bbox 170 1440 1064 1526; baseline -0.008 -10"><span class='ocrx_word' id='word_1_47' title='bbox 170 1448 222 1516; x_wconf 78' lang='lat' dir='ltr'>As</span> <span class='ocrx_word' id='word_1_48' title='bbox 237 1443 418 1516; x_wconf 81' lang='lat' dir='ltr'>Mercurio</span> <span class='ocrx_word' id='word_1_49' title='bbox 434 1443 622 1514; x_wconf 83' lang='lat' dir='ltr'>familiaris</span> <span class='ocrx_word' id='word_1_50' title='bbox 640 1441 679 1512; x_wconf 92' lang='lat' dir='ltr'>iu</span> <span class='ocrx_word' id='word_1_51' title='bbox 703 1441 790 1512; x_wconf 88' lang='lat' dir='ltr'>locis</span> <span class='ocrx_word' id='word_1_52' title='bbox 812 1440 988 1525; x_wconf 89' lang='lat' dir='ltr'>laudatis,</span> <span class='ocrx_word' id='word_1_53' title='bbox 1012 1441 1064 1526; x_wconf 73' lang='lat' dir='ltr'>fs-</span> 
     </span>
     <span class='ocr_line' id='line_1_11' title="bbox 77 1543 1062 1628; baseline -0.006 -11"><span class='ocrx_word' id='word_1_54' title='bbox 77 1548 118 1617; x_wconf 89' lang='lat' dir='ltr'>cit</span> <span class='ocrx_word' id='word_1_55' title='bbox 140 1547 295 1618; x_wconf 84' lang='lat' dir='ltr'>artifices</span> <span class='ocrx_word' id='word_1_56' title='bbox 315 1545 544 1628; x_wconf 72' lang='lat' dir='ltr'>manuarias,</span> <span class='ocrx_word' id='word_1_57' title='bbox 582 1545 777 1628; x_wconf 91' lang='lat' dir='ltr'>studiosos,</span> <span class='ocrx_word' id='word_1_58' title='bbox 817 1543 1062 1613; x_wconf 72' lang='lat' dir='ltr'>doctrinarum</span> 
     </span>
     <span class='ocr_line' id='line_1_12' title="bbox 76 1645 1065 1740; baseline -0.006 -22"><span class='ocrx_word' id='word_1_59' title='bbox 76 1673 238 1740; x_wconf 88' lang='lat' dir='ltr'>capaces,</span> <span class='ocrx_word' id='word_1_60' title='bbox 270 1648 494 1740; x_wconf 88' lang='lat' dir='ltr'>ingeniosos,</span> <span class='ocrx_word' id='word_1_61' title='bbox 518 1647 698 1739; x_wconf 90' lang='lat' dir='ltr'>poeticos,</span> <span class='ocrx_word' id='word_1_62' title='bbox 724 1645 897 1730; x_wconf 89' lang='lat' dir='ltr'>musicos,</span> <span class='ocrx_word' id='word_1_63' title='bbox 924 1645 1065 1737; x_wconf 87' lang='lat' dir='ltr'>elegan-</span> 
     </span>
     <span class='ocr_line' id='line_1_13' title="bbox 76 1747 1066 1844; baseline -0.005 -23"><span class='ocrx_word' id='word_1_64' title='bbox 76 1752 158 1822; x_wconf 90' lang='lat' dir='ltr'>tiam</span> <span class='ocrx_word' id='word_1_65' title='bbox 174 1763 360 1835; x_wconf 88' lang='lat' dir='ltr'>amantes,</span> <span class='ocrx_word' id='word_1_66' title='bbox 383 1750 562 1844; x_wconf 89' lang='lat' dir='ltr'>placidus,</span> <span class='ocrx_word' id='word_1_67' title='bbox 587 1749 743 1820; x_wconf 77' lang='lat' dir='ltr'>suaviter</span> <span class='ocrx_word' id='word_1_68' title='bbox 756 1747 979 1831; x_wconf 85' lang='lat' dir='ltr'>victitantes,</span> <span class='ocrx_word' id='word_1_69' title='bbox 1005 1748 1066 1816; x_wconf 91' lang='lat' dir='ltr'>de-</span> 
     </span>
     <span class='ocr_line' id='line_1_14' title="bbox 77 1847 1066 1940; baseline -0.006 -18"><span class='ocrx_word' id='word_1_70' title='bbox 77 1853 236 1924; x_wconf 89' lang='lat' dir='ltr'>liciarum</span> <span class='ocrx_word' id='word_1_71' title='bbox 251 1865 433 1937; x_wconf 89' lang='lat' dir='ltr'>amantes,</span> <span class='ocrx_word' id='word_1_72' title='bbox 459 1847 603 1935; x_wconf 77' lang='lat' dir='ltr'>hilares,</span> <span class='ocrx_word' id='word_1_73' title='bbox 628 1849 752 1920; x_wconf 87' lang='lat' dir='ltr'>amicis</span> <span class='ocrx_word' id='word_1_74' title='bbox 767 1851 869 1932; x_wconf 85' lang='lat' dir='ltr'>fidos,</span> <span class='ocrx_word' id='word_1_75' title='bbox 893 1848 986 1940; x_wconf 90' lang='lat' dir='ltr'>pios,</span> <span class='ocrx_word' id='word_1_76' title='bbox 1011 1848 1066 1917; x_wconf 89' lang='lat' dir='ltr'>in·</span> 
     </span>
     <span class='ocr_line' id='line_1_15' title="bbox 80 1951 1066 2046; baseline -0.005 -20"><span class='ocrx_word' id='word_1_77' title='bbox 80 1956 288 2046; x_wconf 82' lang='lat' dir='ltr'>telligeutes,</span> <span class='ocrx_word' id='word_1_78' title='bbox 320 1957 459 2038; x_wconf 85' lang='lat' dir='ltr'>vafros,</span> <span class='ocrx_word' id='word_1_79' title='bbox 493 1953 660 2035; x_wconf 87' lang='lat' dir='ltr'>solertes,</span> <span class='ocrx_word' id='word_1_80' title='bbox 694 1954 786 2022; x_wconf 91' lang='lat' dir='ltr'>bene</span> <span class='ocrx_word' id='word_1_81' title='bbox 815 1951 1066 2036; x_wconf 87' lang='lat' dir='ltr'>coniectantes,</span> 
     </span>
     <span class='ocr_line' id='line_1_16' title="bbox 15 2051 1066 2139; baseline -0.008 -9"><span class='ocrx_word' id='word_1_82' title='bbox 15 2123 16 2130; x_wconf 74' lang='grc'>,</span> <span class='ocrx_word' id='word_1_83' title='bbox 79 2083 150 2128; x_wconf 90' lang='lat' dir='ltr'>cum</span> <span class='ocrx_word' id='word_1_84' title='bbox 170 2057 381 2130; x_wconf 82' lang='lat' dir='ltr'>dexteritate</span> <span class='ocrx_word' id='word_1_85' title='bbox 398 2056 518 2126; x_wconf 89' lang='lat' dir='ltr'>omnia</span> <span class='ocrx_word' id='word_1_86' title='bbox 536 2053 723 2139; x_wconf 89' lang='lat' dir='ltr'>facientes,</span> <span class='ocrx_word' id='word_1_87' title='bbox 755 2053 916 2123; x_wconf 87' lang='lat' dir='ltr'>celeriter</span> <span class='ocrx_word' id='word_1_88' title='bbox 929 2051 1066 2123; x_wconf 89' lang='lat' dir='ltr'>discen-</span> 
     </span>
     <span class='ocr_line' id='line_1_17' title="bbox 15 2156 1066 2250; baseline -0.001 -26"><span class='ocrx_word' id='word_1_89' title='bbox 15 2221 16 2224; x_wconf 74' lang='grc'>,</span> <span class='ocrx_word' id='word_1_90' title='bbox 77 2175 144 2243; x_wconf 88' lang='lat' dir='ltr'>tes,</span> <span class='ocrx_word' id='word_1_91' title='bbox 170 2159 332 2230; x_wconf 90' lang='lat' dir='ltr'>discendi</span> <span class='ocrx_word' id='word_1_92' title='bbox 348 2159 517 2250; x_wconf 90' lang='lat' dir='ltr'>cupidos,</span> <span class='ocrx_word' id='word_1_93' title='bbox 543 2157 619 2227; x_wconf 90' lang='lat' dir='ltr'>sine</span> <span class='ocrx_word' id='word_1_94' title='bbox 636 2158 784 2226; x_wconf 90' lang='lat' dir='ltr'>doctore</span> <span class='ocrx_word' id='word_1_95' title='bbox 798 2156 910 2226; x_wconf 89' lang='lat' dir='ltr'>multa</span> <span class='ocrx_word' id='word_1_96' title='bbox 930 2156 1066 2226; x_wconf 89' lang='lat' dir='ltr'>discen·</span> 
     </span>
     <span class='ocr_line' id='line_1_18' title="bbox 15 2257 1067 2352; baseline -0.003 -21"><span class='ocrx_word' id='word_1_97' title='bbox 15 2259 39 2283; x_wconf 76' lang='grc'>““</span> <span class='ocrx_word' id='word_1_98' title='bbox 80 2277 142 2344; x_wconf 90' lang='lat' dir='ltr'>tes,</span> <span class='ocrx_word' id='word_1_99' title='bbox 175 2265 342 2333; x_wconf 84' lang='lat' dir='ltr'>ardentes</span> <span class='ocrx_word' id='word_1_100' title='bbox 364 2261 484 2332; x_wconf 89' lang='lat' dir='ltr'>studio</span> <span class='ocrx_word' id='word_1_101' title='bbox 509 2260 645 2352; x_wconf 89' lang='lat' dir='ltr'>optima</span> <span class='ocrx_word' id='word_1_102' title='bbox 664 2258 852 2343; x_wconf 89' lang='lat' dir='ltr'>imitandi,</span> <span class='ocrx_word' id='word_1_103' title='bbox 877 2257 1067 2341; x_wconf 90' lang='lat' dir='ltr'>formosos,</span> 
     </span>
     <span class='ocr_line' id='line_1_19' title="bbox 79 2360 1069 2452; baseline -0.005 -18"><span class='ocrx_word' id='word_1_104' title='bbox 79 2389 210 2447; x_wconf 86' lang='lat' dir='ltr'>comes,</span> <span class='ocrx_word' id='word_1_105' title='bbox 252 2387 397 2446; x_wconf 84' lang='lat' dir='ltr'>suaves,</span> <span class='ocrx_word' id='word_1_106' title='bbox 440 2361 601 2432; x_wconf 86' lang='lat' dir='ltr'>moribus</span> <span class='ocrx_word' id='word_1_107' title='bbox 620 2363 710 2432; x_wconf 87' lang='lat' dir='ltr'>bene</span> <span class='ocrx_word' id='word_1_108' title='bbox 737 2360 963 2452; x_wconf 90' lang='lat' dir='ltr'>compositis,</span> <span class='ocrx_word' id='word_1_109' title='bbox 995 2372 1069 2430; x_wconf 89' lang='lat' dir='ltr'>stu-</span> 
     </span>
     <span class='ocr_line' id='line_1_20' title="bbox 15 2459 1069 2557; baseline -0.004 -22"><span class='ocrx_word' id='word_1_110' title='bbox 15 2489 17 2548; x_wconf 61' lang='grc' dir='ltr'><strong>ξ</strong></span> <span class='ocrx_word' id='word_1_111' title='bbox 78 2467 211 2549; x_wconf 87' lang='lat' dir='ltr'>diosos,</span> <span class='ocrx_word' id='word_1_112' title='bbox 251 2459 421 2548; x_wconf 85' lang='lat' dir='ltr'>ludorum</span> <span class='ocrx_word' id='word_1_113' title='bbox 448 2465 614 2557; x_wconf 91' lang='lat' dir='ltr'>cupidos,</span> <span class='ocrx_word' id='word_1_114' title='bbox 655 2465 777 2532; x_wconf 83' lang='lat' dir='ltr'>dextre</span> <span class='ocrx_word' id='word_1_115' title='bbox 803 2460 1069 2556; x_wconf 73' lang='lat' dir='ltr'>iudicanus“)‚</span> 
     </span>
     <span class='ocr_line' id='line_1_21' title="bbox 15 2560 983 2660; baseline -0.005 -22"><span class='ocrx_word' id='word_1_116' title='bbox 15 2607 17 2650; x_wconf 66' lang='lat'>;</span> <span class='ocrx_word' id='word_1_117' title='bbox 79 2567 347 2660; x_wconf 88' lang='lat' dir='ltr'>magnanimos,</span> <span class='ocrx_word' id='word_1_118' title='bbox 373 2579 496 2638; x_wconf 87' lang='lat' dir='ltr'>cautos</span> <span class='ocrx_word' id='word_1_119' title='bbox 516 2567 555 2636; x_wconf 92' lang='lat' dir='ltr'>in</span> <span class='ocrx_word' id='word_1_120' title='bbox 571 2565 752 2649; x_wconf 87' lang='lat' dir='ltr'>venereis,</span> <span class='ocrx_word' id='word_1_121' title='bbox 777 2560 983 2658; x_wconf 72' lang='lat' dir='ltr'>zelotypos.⁴</span> 
     </span>
    </p>
   </div>
   <div class='ocr_carea' id='block_1_6' title="bbox 15 2681 1070 2936">
    <p class='ocr_par' dir='ltr' id='par_1_7' title="bbox 15 2681 1070 2936">
     <span class='ocr_line' id='line_1_22' title="bbox 15 2681 1070 2787; baseline -0.003 -17"><span class='ocrx_word' id='word_1_122' title='bbox 15 2767 16 2770; x_wconf 74' lang='grc'>,</span> <span class='ocrx_word' id='word_1_123' title='bbox 172 2701 215 2773; x_wconf 89' lang='lat' dir='ltr'>ln</span> <span class='ocrx_word' id='word_1_124' title='bbox 245 2703 437 2774; x_wconf 89' lang='lat' dir='ltr'>contrariis</span> <span class='ocrx_word' id='word_1_125' title='bbox 462 2702 570 2787; x_wconf 93' lang='lat' dir='ltr'>locis,</span> <span class='ocrx_word' id='word_1_126' title='bbox 603 2681 978 2785; x_wconf 47' lang='lat' dir='ltr'>invasores-,vafros</span> <span class='ocrx_word' id='word_1_127' title='bbox 1009 2700 1070 2768; x_wconf 85' lang='lat' dir='ltr'>de-</span> 
     </span>
     <span class='ocr_line' id='line_1_23' title="bbox 15 2804 1069 2936; baseline -0.003 -63"><span class='ocrx_word' id='word_1_128' title='bbox 15 2851 17 2936; x_wconf 75' lang='grc' dir='ltr'>Ι</span> <span class='ocrx_word' id='word_1_129' title='bbox 77 2805 225 2891; x_wconf 87' lang='lat' dir='ltr'>formes,</span> <span class='ocrx_word' id='word_1_130' title='bbox 250 2805 453 2890; x_wconf 84' lang='lat' dir='ltr'>instabiles,</span> <span class='ocrx_word' id='word_1_131' title='bbox 481 2804 697 2887; x_wconf 87' lang='lat' dir='ltr'>malevolos,</span> <span class='ocrx_word' id='word_1_132' title='bbox 724 2805 962 2895; x_wconf 86' lang='lat' dir='ltr'>impostores,</span> <span class='ocrx_word' id='word_1_133' title='bbox 994 2813 1069 2894; x_wconf 88' lang='lat' dir='ltr'>tur·</span> 
     </span>
    </p>
   </div>
   <div class='ocr_carea' id='block_1_7' title="bbox 15 2905 1069 3101">
    <p class='ocr_par' dir='ltr' id='par_1_8' title="bbox 15 2905 1069 3101">
     <span class='ocr_line' id='line_1_24' title="bbox 15 2905 1069 2998; baseline -0.002 -22"><span class='ocrx_word' id='word_1_134' title='bbox 15 2939 17 2992; x_wconf 63' lang='lat' dir='ltr'>l</span> <span class='ocrx_word' id='word_1_135' title='bbox 77 2907 237 2992; x_wconf 87' lang='lat' dir='ltr'>batores,</span> <span class='ocrx_word' id='word_1_136' title='bbox 289 2909 499 2992; x_wconf 85' lang='lat' dir='ltr'>mendaces,</span> <span class='ocrx_word' id='word_1_137' title='bbox 551 2905 847 2991; x_wconf 86' lang='lat' dir='ltr'>calumniatores,</span> <span class='ocrx_word' id='word_1_138' title='bbox 893 2905 1069 2998; x_wconf 90' lang='lat' dir='ltr'>periuros,</span> 
     </span>
     <span class='ocr_line' id='line_1_25' title="bbox 15 3010 1067 3101; baseline -0.003 -23"><span class='ocrx_word' id='word_1_139' title='bbox 15 3049 16 3064; x_wconf 68' lang='lat'>.</span> <span class='ocrx_word' id='word_1_140' title='bbox 78 3011 163 3080; x_wconf 90' lang='lat' dir='ltr'>clam</span> <span class='ocrx_word' id='word_1_141' title='bbox 187 3022 367 3100; x_wconf 80' lang='lat' dir='ltr'>struentes</span> <span class='ocrx_word' id='word_1_142' title='bbox 387 3010 572 3094; x_wconf 89' lang='lat' dir='ltr'>fraudem,</span> <span class='ocrx_word' id='word_1_143' title='bbox 608 3021 846 3092; x_wconf 91' lang='lat' dir='ltr'>veteratores,</span> <span class='ocrx_word' id='word_1_144' title='bbox 880 3019 1067 3101; x_wconf 89' lang='lat' dir='ltr'>pactorum</span> 
     </span>
    </p>
   </div>
   <div class='ocr_carea' id='block_1_8' title="bbox 1110 432 2104 644">
    <p class='ocr_par' dir='ltr' id='par_1_9' title="bbox 1110 432 2104 644">
     <span class='ocr_line' id='line_1_26' title="bbox 1110 432 2104 530; baseline -0.002 -24"><span class='ocrx_word' id='word_1_145' title='bbox 1110 435 1221 530; x_wconf 88' lang='lat' dir='ltr'>nique</span> <span class='ocrx_word' id='word_1_146' title='bbox 1246 432 1442 528; x_wconf 90' lang='lat' dir='ltr'>periculosa</span> <span class='ocrx_word' id='word_1_147' title='bbox 1470 433 1616 506; x_wconf 91' lang='lat' dir='ltr'>consilia</span> <span class='ocrx_word' id='word_1_148' title='bbox 1639 446 1834 520; x_wconf 87' lang='lat' dir='ltr'>struentes,</span> <span class='ocrx_word' id='word_1_149' title='bbox 1875 445 1916 510; x_wconf 86' lang='lat' dir='ltr'>et¹</span> <span class='ocrx_word' id='word_1_150' title='bbox 1935 435 2104 504; x_wconf 86' lang='lat' dir='ltr'>audacter</span> 
     </span>
     <span class='ocr_line' id='line_1_27' title="bbox 1111 538 1706 644; baseline 0.007 -38"><span class='ocrx_word' id='word_1_151' title='bbox 1111 561 1153 608; x_wconf 88' lang='lat' dir='ltr'>ac</span> <span class='ocrx_word' id='word_1_152' title='bbox 1168 550 1301 608; x_wconf 90' lang='lat' dir='ltr'>temere</span> <span class='ocrx_word' id='word_1_153' title='bbox 1319 539 1451 644; x_wconf 81' lang='lat' dir='ltr'>scelera</span> <span class='ocrx_word' id='word_1_154' title='bbox 1465 538 1706 632; x_wconf 84' lang='lat' dir='ltr'>suscipientes.</span> 
     </span>
    </p>
   </div>
   <div class='ocr_carea' id='block_1_9' title="bbox 1548 707 1661 777">
    <p class='ocr_par' dir='ltr' id='par_1_10' title="bbox 1548 707 1661 777">
     <span class='ocr_line' id='line_1_28' title="bbox 1548 707 1661 777; baseline -0.027 0"><span class='ocrx_word' id='word_1_155' title='bbox 1548 707 1661 777; x_wconf 70' lang='lat' dir='ltr'>luno.</span> 
     </span>
    </p>
   </div>
   <div class='ocr_carea' id='block_1_10' title="bbox 1112 835 2111 1949">
    <p class='ocr_par' dir='ltr' id='par_1_11' title="bbox 1112 835 2111 1949">
     <span class='ocr_line' id='line_1_29' title="bbox 1167 835 2106 935; baseline 0.004 -25"><span class='ocrx_word' id='word_1_156' title='bbox 1167 912 1169 918; x_wconf 77' lang='grc'><strong>,</strong></span> <span class='ocrx_word' id='word_1_157' title='bbox 1215 839 1387 932; x_wconf 88' lang='lat' dir='ltr'>Magnum</span> <span class='ocrx_word' id='word_1_158' title='bbox 1407 851 1496 921; x_wconf 73' lang='lat' dir='ltr'>vero</span> <span class='ocrx_word' id='word_1_159' title='bbox 1518 843 1740 914; x_wconf 86' lang='lat' dir='ltr'>momentum</span> <span class='ocrx_word' id='word_1_160' title='bbox 1766 835 1877 912; x_wconf 90' lang='lat' dir='ltr'>habet</span> <span class='ocrx_word' id='word_1_161' title='bbox 1891 839 2018 912; x_wconf 86' lang='lat' dir='ltr'>Lunae</span> <span class='ocrx_word' id='word_1_162' title='bbox 2040 867 2106 935; x_wconf 89' lang='lat' dir='ltr'>po·</span> 
     </span>
     <span class='ocr_line' id='line_1_30' title="bbox 1112 935 2108 1038; baseline 0.004 -25"><span class='ocrx_word' id='word_1_163' title='bbox 1112 943 1213 1028; x_wconf 90' lang='lat' dir='ltr'>situs,</span> <span class='ocrx_word' id='word_1_164' title='bbox 1239 943 1374 1038; x_wconf 91' lang='lat' dir='ltr'>quaesi</span> <span class='ocrx_word' id='word_1_165' title='bbox 1388 956 1539 1034; x_wconf 88' lang='lat' dir='ltr'>vagatur</span> <span class='ocrx_word' id='word_1_166' title='bbox 1554 946 1590 1013; x_wconf 92' lang='lat' dir='ltr'>in</span> <span class='ocrx_word' id='word_1_167' title='bbox 1606 943 1793 1016; x_wconf 87' lang='lat' dir='ltr'>latitudine</span> <span class='ocrx_word' id='word_1_168' title='bbox 1806 935 2024 1031; x_wconf 80' lang='lat' dir='ltr'>meridiana,</span> <span class='ocrx_word' id='word_1_169' title='bbox 2044 958 2108 1017; x_wconf 91' lang='lat' dir='ltr'>aut</span> 
     </span>
     <span class='ocr_line' id='line_1_31' title="bbox 1114 1046 2106 1128; baseline 0.003 -12"><span class='ocrx_word' id='word_1_170' title='bbox 1114 1058 1257 1128; x_wconf 89' lang='lat' dir='ltr'>arctoa,</span> <span class='ocrx_word' id='word_1_171' title='bbox 1284 1046 1452 1115; x_wconf 90' lang='lat' dir='ltr'>conducit</span> <span class='ocrx_word' id='word_1_172' title='bbox 1474 1047 1615 1116; x_wconf 90' lang='lat' dir='ltr'>animae</span> <span class='ocrx_word' id='word_1_173' title='bbox 1639 1049 1684 1115; x_wconf 90' lang='lat' dir='ltr'>ad</span> <span class='ocrx_word' id='word_1_174' title='bbox 1709 1047 1928 1116; x_wconf 81' lang='lat' dir='ltr'>efficiendam</span> <span class='ocrx_word' id='word_1_175' title='bbox 1954 1048 2106 1118; x_wconf 86' lang='lat' dir='ltr'>varieta-</span> 
     </span>
     <span class='ocr_line' id='line_1_32' title="bbox 1113 1147 2107 1233; baseline 0.003 -16"><span class='ocrx_word' id='word_1_176' title='bbox 1113 1159 1186 1217; x_wconf 91' lang='lat' dir='ltr'>tem</span> <span class='ocrx_word' id='word_1_177' title='bbox 1204 1153 1370 1233; x_wconf 79' lang='lat' dir='ltr'>m&#39;orum,</span> <span class='ocrx_word' id='word_1_178' title='bbox 1394 1161 1430 1217; x_wconf 90' lang='lat' dir='ltr'>et</span> <span class='ocrx_word' id='word_1_179' title='bbox 1445 1149 1672 1220; x_wconf 87' lang='lat' dir='ltr'>calliditatem</span> <span class='ocrx_word' id='word_1_180' title='bbox 1690 1147 1923 1228; x_wconf 83' lang='lat' dir='ltr'>consiliorum</span> <span class='ocrx_word' id='word_1_181' title='bbox 1941 1162 1976 1219; x_wconf 90' lang='lat' dir='ltr'>et</span> <span class='ocrx_word' id='word_1_182' title='bbox 1992 1163 2107 1222; x_wconf 90' lang='lat' dir='ltr'>muta-</span> 
     </span>
     <span class='ocr_line' id='line_1_33' title="bbox 1114 1249 2108 1324; baseline 0.002 -5"><span class='ocrx_word' id='word_1_183' title='bbox 1114 1249 1301 1320; x_wconf 90' lang='lat' dir='ltr'>bilitatem.</span> <span class='ocrx_word' id='word_1_184' title='bbox 1352 1249 1401 1320; x_wconf 80' lang='lat' dir='ltr'>As</span> <span class='ocrx_word' id='word_1_185' title='bbox 1416 1249 1454 1317; x_wconf 92' lang='lat' dir='ltr'>in</span> <span class='ocrx_word' id='word_1_186' title='bbox 1470 1251 1575 1322; x_wconf 92' lang='lat' dir='ltr'>nodis</span> <span class='ocrx_word' id='word_1_187' title='bbox 1590 1250 1737 1323; x_wconf 89' lang='lat' dir='ltr'>adiuvat</span> <span class='ocrx_word' id='word_1_188' title='bbox 1750 1276 1901 1321; x_wconf 91' lang='lat' dir='ltr'>acumen</span> <span class='ocrx_word' id='word_1_189' title='bbox 1922 1277 1964 1321; x_wconf 90' lang='lat' dir='ltr'>ac</span> <span class='ocrx_word' id='word_1_190' title='bbox 1987 1252 2108 1324; x_wconf 91' lang='lat' dir='ltr'>celeri·</span> 
     </span>
     <span class='ocr_line' id='line_1_34' title="bbox 1115 1351 2108 1437; baseline 0.006 -16"><span class='ocrx_word' id='word_1_191' title='bbox 1115 1363 1224 1421; x_wconf 88' lang='lat' dir='ltr'>tatem</span> <span class='ocrx_word' id='word_1_192' title='bbox 1257 1351 1495 1437; x_wconf 88' lang='lat' dir='ltr'>inventionis,</span> <span class='ocrx_word' id='word_1_193' title='bbox 1537 1353 1750 1425; x_wconf 91' lang='lat' dir='ltr'>industriam</span> <span class='ocrx_word' id='word_1_194' title='bbox 1784 1378 1825 1423; x_wconf 94' lang='lat' dir='ltr'>ac</span> <span class='ocrx_word' id='word_1_195' title='bbox 1852 1355 2108 1428; x_wconf 84' lang='lat' dir='ltr'>festinantiam.</span> 
     </span>
     <span class='ocr_line' id='line_1_35' title="bbox 1114 1450 2109 1547; baseline 0.008 -25"><span class='ocrx_word' id='word_1_196' title='bbox 1114 1450 1156 1522; x_wconf 95' lang='lat' dir='ltr'>ln</span> <span class='ocrx_word' id='word_1_197' title='bbox 1183 1467 1267 1525; x_wconf 89' lang='lat' dir='ltr'>ortu</span> <span class='ocrx_word' id='word_1_198' title='bbox 1293 1466 1329 1522; x_wconf 93' lang='lat' dir='ltr'>et</span> <span class='ocrx_word' id='word_1_199' title='bbox 1348 1467 1525 1526; x_wconf 88' lang='lat' dir='ltr'>crescente</span> <span class='ocrx_word' id='word_1_200' title='bbox 1547 1455 1701 1543; x_wconf 90' lang='lat' dir='ltr'>lumine,</span> <span class='ocrx_word' id='word_1_201' title='bbox 1742 1456 1826 1526; x_wconf 90' lang='lat' dir='ltr'>facit</span> <span class='ocrx_word' id='word_1_202' title='bbox 1850 1459 2109 1547; x_wconf 83' lang='lat' dir='ltr'>generosiores,</span> 
     </span>
     <span class='ocr_line' id='line_1_36' title="bbox 1115 1555 2110 1648; baseline 0.002 -22"><span class='ocrx_word' id='word_1_203' title='bbox 1115 1557 1415 1648; x_wconf 68' lang='lat' dir='ltr'>maginpertus,</span> <span class='ocrx_word' id='word_1_204' title='bbox 1448 1557 1624 1631; x_wconf 88' lang='lat' dir='ltr'>firmiores</span> <span class='ocrx_word' id='word_1_205' title='bbox 1648 1572 1685 1630; x_wconf 89' lang='lat' dir='ltr'>et</span> <span class='ocrx_word' id='word_1_206' title='bbox 1708 1559 1905 1630; x_wconf 79' lang='lat' dir='ltr'>liberiores.</span> <span class='ocrx_word' id='word_1_207' title='bbox 1964 1555 2004 1629; x_wconf 92' lang='lat' dir='ltr'>ln</span> <span class='ocrx_word' id='word_1_208' title='bbox 2026 1585 2110 1630; x_wconf 82' lang='lat' dir='ltr'>con·</span> 
     </span>
     <span class='ocr_line' id='line_1_37' title="bbox 1115 1658 2110 1753; baseline 0.009 -26"><span class='ocrx_word' id='word_1_209' title='bbox 1115 1658 1299 1730; x_wconf 91' lang='lat' dir='ltr'>iunctione</span> <span class='ocrx_word' id='word_1_210' title='bbox 1318 1681 1403 1728; x_wconf 90' lang='lat' dir='ltr'>vero</span> <span class='ocrx_word' id='word_1_211' title='bbox 1422 1670 1456 1728; x_wconf 91' lang='lat' dir='ltr'>et</span> <span class='ocrx_word' id='word_1_212' title='bbox 1472 1661 1728 1744; x_wconf 76' lang='lat' dir='ltr'>occultatione,</span> <span class='ocrx_word' id='word_1_213' title='bbox 1753 1661 1838 1730; x_wconf 89' lang='lat' dir='ltr'>facit</span> <span class='ocrx_word' id='word_1_214' title='bbox 1854 1659 2110 1753; x_wconf 83' lang='lat' dir='ltr'>languidiores,</span> 
     </span>
     <span class='ocr_line' id='line_1_38' title="bbox 1116 1757 2111 1856; baseline 0 -24"><span class='ocrx_word' id='word_1_215' title='bbox 1116 1757 1338 1848; x_wconf 85' lang='lat' dir='ltr'>hebetiores,</span> <span class='ocrx_word' id='word_1_216' title='bbox 1363 1763 1504 1834; x_wconf 87' lang='lat' dir='ltr'>facilius</span> <span class='ocrx_word' id='word_1_217' title='bbox 1519 1766 1760 1837; x_wconf 88' lang='lat' dir='ltr'>desistentesa</span> <span class='ocrx_word' id='word_1_218' title='bbox 1782 1764 1988 1856; x_wconf 88' lang='lat' dir='ltr'>proposito,</span> <span class='ocrx_word' id='word_1_219' title='bbox 2014 1765 2111 1834; x_wconf 83' lang='lat' dir='ltr'>timi-</span> 
     </span>
     <span class='ocr_line' id='line_1_39' title="bbox 1117 1863 1516 1949; baseline 0.005 -14"><span class='ocrx_word' id='word_1_220' title='bbox 1117 1863 1257 1949; x_wconf 84' lang='lat' dir='ltr'>diores,</span> <span class='ocrx_word' id='word_1_221' title='bbox 1282 1863 1516 1938; x_wconf 86' lang='lat' dir='ltr'>obscuriores.</span> 
     </span>
    </p>
   </div>
   <div class='ocr_carea' id='block_1_11' title="bbox 1573 2037 1645 2108">
    <p class='ocr_par' dir='ltr' id='par_1_12' title="bbox 1573 2037 1645 2108">
     <span class='ocr_line' id='line_1_40' title="bbox 1573 2037 1645 2108; baseline -0.028 0"><span class='ocrx_word' id='word_1_222' title='bbox 1573 2037 1645 2108; x_wconf 85' lang='lat' dir='ltr'>Sol.</span> 
     </span>
    </p>
   </div>
   <div class='ocr_carea' id='block_1_12' title="bbox 1120 2166 2113 2366">
    <p class='ocr_par' dir='ltr' id='par_1_13' title="bbox 1120 2166 2113 2366">
     <span class='ocr_line' id='line_1_41' title="bbox 1221 2166 2111 2243; baseline 0.004 -5"><span class='ocrx_word' id='word_1_223' title='bbox 1221 2167 1283 2238; x_wconf 85' lang='lat' dir='ltr'>Sol</span> <span class='ocrx_word' id='word_1_224' title='bbox 1304 2179 1423 2238; x_wconf 87' lang='lat' dir='ltr'>autem</span> <span class='ocrx_word' id='word_1_225' title='bbox 1447 2166 1477 2237; x_wconf 90' lang='lat' dir='ltr'>si</span> <span class='ocrx_word' id='word_1_226' title='bbox 1497 2167 1647 2242; x_wconf 77' lang='lat' dir='ltr'>in⁴locis</span> <span class='ocrx_word' id='word_1_227' title='bbox 1671 2171 1797 2243; x_wconf 88' lang='lat' dir='ltr'>faustis</span> <span class='ocrx_word' id='word_1_228' title='bbox 1825 2173 2012 2243; x_wconf 86' lang='lat' dir='ltr'>familiaris</span> <span class='ocrx_word' id='word_1_229' title='bbox 2042 2173 2111 2242; x_wconf 91' lang='lat' dir='ltr'>erit</span> 
     </span>
     <span class='ocr_line' id='line_1_42' title="bbox 1120 2270 2113 2366; baseline 0.004 -26"><span class='ocrx_word' id='word_1_230' title='bbox 1120 2270 1335 2364; x_wconf 87' lang='lat' dir='ltr'>gubernanti</span> <span class='ocrx_word' id='word_1_231' title='bbox 1349 2293 1469 2342; x_wconf 88' lang='lat' dir='ltr'>mores</span> <span class='ocrx_word' id='word_1_232' title='bbox 1484 2270 1646 2358; x_wconf 89' lang='lat' dir='ltr'>animae,</span> <span class='ocrx_word' id='word_1_233' title='bbox 1670 2273 1776 2344; x_wconf 85' lang='lat' dir='ltr'>efficit</span> <span class='ocrx_word' id='word_1_234' title='bbox 1791 2275 1975 2359; x_wconf 87' lang='lat' dir='ltr'>iustiores,</span> <span class='ocrx_word' id='word_1_235' title='bbox 1999 2275 2113 2366; x_wconf 90' lang='lat' dir='ltr'>magis</span> 
     </span>
    </p>
   </div>
   <div class='ocr_carea' id='block_1_13' title="bbox 1119 2371 2215 2468">
    <p class='ocr_par' dir='ltr' id='par_1_14' title="bbox 1119 2371 2215 2468">
     <span class='ocr_line' id='line_1_43' title="bbox 1119 2371 2215 2468; baseline 0.006 -27"><span class='ocrx_word' id='word_1_236' title='bbox 1119 2373 1336 2456; x_wconf 88' lang='lat' dir='ltr'>industrios,</span> <span class='ocrx_word' id='word_1_237' title='bbox 1361 2371 1563 2464; x_wconf 89' lang='lat' dir='ltr'>graviores,</span> <span class='ocrx_word' id='word_1_238' title='bbox 1588 2375 1838 2468; x_wconf 88' lang='lat' dir='ltr'>religiosiores.</span> <span class='ocrx_word' id='word_1_239' title='bbox 1895 2375 1944 2448; x_wconf 74' lang='lat' dir='ltr'>At</span> <span class='ocrx_word' id='word_1_240' title='bbox 1966 2375 2004 2448; x_wconf 91' lang='lat' dir='ltr'>in</span> <span class='ocrx_word' id='word_1_241' title='bbox 2025 2377 2113 2448; x_wconf 89' lang='lat' dir='ltr'>locis</span> <span class='ocrx_word' id='word_1_242' title='bbox 2213 2443 2215 2448; x_wconf 88' lang='grc'><em>,</em></span> 
     </span>
    </p>
   </div>
   <div class='ocr_carea' id='block_1_14' title="bbox 1119 2475 2130 2980">
    <p class='ocr_par' dir='ltr' id='par_1_15' title="bbox 1119 2475 2130 2980">
     <span class='ocr_line' id='line_1_44' title="bbox 1119 2475 2113 2566; baseline 0.004 -22"><span class='ocrx_word' id='word_1_243' title='bbox 1119 2475 1283 2545; x_wconf 82' lang='lat' dir='ltr'>infaustis</span> <span class='ocrx_word' id='word_1_244' title='bbox 1305 2485 1340 2542; x_wconf 92' lang='lat' dir='ltr'>et</span> <span class='ocrx_word' id='word_1_245' title='bbox 1362 2497 1437 2544; x_wconf 92' lang='lat' dir='ltr'>non</span> <span class='ocrx_word' id='word_1_246' title='bbox 1460 2477 1736 2566; x_wconf 79' lang='lat' dir='ltr'>congruentibus</span> <span class='ocrx_word' id='word_1_247' title='bbox 1759 2503 1838 2549; x_wconf 90' lang='lat' dir='ltr'>cum</span> <span class='ocrx_word' id='word_1_248' title='bbox 1872 2478 2113 2562; x_wconf 89' lang='lat' dir='ltr'>dominatore,</span> 
     </span>
     <span class='ocr_line' id='line_1_45' title="bbox 1119 2574 2113 2674; baseline 0.003 -27"><span class='ocrx_word' id='word_1_249' title='bbox 1119 2577 1207 2647; x_wconf 89' lang='lat' dir='ltr'>facit</span> <span class='ocrx_word' id='word_1_250' title='bbox 1227 2574 1464 2661; x_wconf 87' lang='lat' dir='ltr'>sordidiores,</span> <span class='ocrx_word' id='word_1_251' title='bbox 1505 2577 1764 2651; x_wconf 85' lang='lat' dir='ltr'>difficilioribus</span> <span class='ocrx_word' id='word_1_252' title='bbox 1787 2582 1940 2674; x_wconf 89' lang='lat' dir='ltr'>negotiis</span> <span class='ocrx_word' id='word_1_253' title='bbox 1962 2581 2113 2673; x_wconf 89' lang='lat' dir='ltr'>implici-</span> 
     </span>
     <span class='ocr_line' id='line_1_46' title="bbox 1121 2679 2130 2775; baseline 0.007 -25"><span class='ocrx_word' id='word_1_254' title='bbox 1121 2691 1194 2764; x_wconf 91' lang='lat' dir='ltr'>tos,</span> <span class='ocrx_word' id='word_1_255' title='bbox 1219 2679 1339 2750; x_wconf 91' lang='lat' dir='ltr'>minus</span> <span class='ocrx_word' id='word_1_256' title='bbox 1355 2679 1582 2752; x_wconf 84' lang='lat' dir='ltr'>observantes</span> <span class='ocrx_word' id='word_1_257' title='bbox 1596 2683 1729 2766; x_wconf 89' lang='lat' dir='ltr'>decori,</span> <span class='ocrx_word' id='word_1_258' title='bbox 1754 2685 1968 2775; x_wconf 85' lang='lat' dir='ltr'>pervicaces,</span> <span class='ocrx_word' id='word_1_259' title='bbox 1992 2684 2130 2770; x_wconf 74' lang='lat' dir='ltr'>duros,&#39;</span> 
     </span>
     <span class='ocr_line' id='line_1_47' title="bbox 1122 2781 2116 2879; baseline 0.005 -25"><span class='ocrx_word' id='word_1_260' title='bbox 1122 2783 1301 2867; x_wconf 88' lang='lat' dir='ltr'>crudeles,</span> <span class='ocrx_word' id='word_1_261' title='bbox 1331 2781 1591 2867; x_wconf 89' lang='lat' dir='ltr'>intractabiles,</span> <span class='ocrx_word' id='word_1_262' title='bbox 1626 2783 1781 2879; x_wconf 88' lang='lat' dir='ltr'>denique</span> <span class='ocrx_word' id='word_1_263' title='bbox 1803 2789 1922 2858; x_wconf 92' lang='lat' dir='ltr'>minus</span> <span class='ocrx_word' id='word_1_264' title='bbox 1944 2787 2116 2859; x_wconf 83' lang='lat' dir='ltr'>flexibiles</span> 
     </span>
     <span class='ocr_line' id='line_1_48' title="bbox 1121 2885 1953 2980; baseline -0.005 -26"><span class='ocrx_word' id='word_1_265' title='bbox 1121 2886 1166 2955; x_wconf 89' lang='lat' dir='ltr'>ad</span> <span class='ocrx_word' id='word_1_266' title='bbox 1184 2885 1365 2980; x_wconf 76' lang='lat' dir='ltr'>virtutem.</span> <span class='ocrx_word' id='word_1_267' title='bbox 1946 2901 1953 2914; x_wconf 89' lang='grc'><strong>’</strong></span> 
     </span>
    </p>
   </div>
   <div class='ocr_carea' id='block_1_15' title="bbox 1426 3055 1801 3128">
    <p class='ocr_par' dir='ltr' id='par_1_16' title="bbox 1426 3055 1801 3128">
     <span class='ocr_line' id='line_1_49' title="bbox 1426 3055 1801 3128; baseline 0.013 -4"><span class='ocrx_word' id='word_1_268' title='bbox 1426 3057 1481 3124; x_wconf 82' lang='lat' dir='ltr'>De</span> <span class='ocrx_word' id='word_1_269' title='bbox 1503 3055 1631 3128; x_wconf 78' lang='lat' dir='ltr'>ceorlis</span> <span class='ocrx_word' id='word_1_270' title='bbox 1652 3060 1801 3128; x_wconf 76' lang='lat' dir='ltr'>estesse</span> 
     </span>
    </p>
   </div>
   <div class='ocr_carea' id='block_1_16' title="bbox 15 3111 1071 3648">
    <p class='ocr_par' dir='ltr' id='par_1_17' title="bbox 15 3111 1071 3648">
     <span class='ocr_line' id='line_1_50' title="bbox 78 3111 1068 3204; baseline -0.003 -24"><span class='ocrx_word' id='word_1_271' title='bbox 78 3113 288 3196; x_wconf 88' lang='lat' dir='ltr'>violatores,</span> <span class='ocrx_word' id='word_1_272' title='bbox 314 3113 489 3204; x_wconf 87' lang='lat' dir='ltr'>perfidos,</span> <span class='ocrx_word' id='word_1_273' title='bbox 514 3136 589 3181; x_wconf 93' lang='lat' dir='ltr'>uon</span> <span class='ocrx_word' id='word_1_274' title='bbox 604 3111 903 3193; x_wconf 89' lang='lat' dir='ltr'>reconciliabiles,</span> <span class='ocrx_word' id='word_1_275' title='bbox 929 3121 1068 3202; x_wconf 88' lang='lat' dir='ltr'>stupra-</span> 
     </span>
     <span class='ocr_line' id='line_1_51' title="bbox 15 3211 1070 3307; baseline -0.004 -23"><span class='ocrx_word' id='word_1_276' title='bbox 15 3269 17 3300; x_wconf 68' lang='lat'>,</span> <span class='ocrx_word' id='word_1_277' title='bbox 78 3229 189 3301; x_wconf 89' lang='lat' dir='ltr'>tores,</span> <span class='ocrx_word' id='word_1_278' title='bbox 216 3228 399 3307; x_wconf 91' lang='lat' dir='ltr'>comptos,</span> <span class='ocrx_word' id='word_1_279' title='bbox 424 3214 567 3299; x_wconf 91' lang='lat' dir='ltr'>molles,</span> <span class='ocrx_word' id='word_1_280' title='bbox 593 3213 756 3298; x_wconf 84' lang='lat' dir='ltr'>infames,</span> <span class='ocrx_word' id='word_1_281' title='bbox 782 3211 990 3283; x_wconf 84' lang='lat' dir='ltr'>criminibus</span> <span class='ocrx_word' id='word_1_282' title='bbox 1004 3235 1070 3304; x_wconf 91' lang='lat' dir='ltr'>pu-</span> 
     </span>
     <span class='ocr_line' id='line_1_52' title="bbox 15 3305 1068 3442; baseline -0.005 -56"><span class='ocrx_word' id='word_1_283' title='bbox 15 3305 30 3442; x_wconf 28' lang='grc' dir='ltr'>ι,</span> <span class='ocrx_word' id='word_1_284' title='bbox 77 3317 172 3390; x_wconf 88' lang='lat' dir='ltr'>blicis</span> <span class='ocrx_word' id='word_1_285' title='bbox 190 3318 389 3401; x_wconf 85' lang='lat' dir='ltr'>obnoxios,</span> <span class='ocrx_word' id='word_1_286' title='bbox 420 3316 554 3410; x_wconf 89' lang='lat' dir='ltr'>ubique</span> <span class='ocrx_word' id='word_1_287' title='bbox 576 3341 613 3387; x_wconf 90' lang='lat' dir='ltr'>se</span> <span class='ocrx_word' id='word_1_288' title='bbox 635 3315 856 3407; x_wconf 89' lang='lat' dir='ltr'>ingerentes,</span> <span class='ocrx_word' id='word_1_289' title='bbox 887 3315 1068 3383; x_wconf 90' lang='lat' dir='ltr'>interdum</span> 
     </span>
     <span class='ocr_line' id='line_1_53' title="bbox 15 3418 1071 3515; baseline -0.007 -25"><span class='ocrx_word' id='word_1_290' title='bbox 15 3451 16 3490; x_wconf 70' lang='lat' dir='ltr'>v</span> <span class='ocrx_word' id='word_1_291' title='bbox 78 3445 134 3490; x_wconf 90' lang='lat' dir='ltr'>sua</span> <span class='ocrx_word' id='word_1_292' title='bbox 153 3422 315 3515; x_wconf 87' lang='lat' dir='ltr'>quadam</span> <span class='ocrx_word' id='word_1_293' title='bbox 330 3431 458 3489; x_wconf 89' lang='lat' dir='ltr'>natura</span> <span class='ocrx_word' id='word_1_294' title='bbox 474 3418 665 3502; x_wconf 89' lang='lat' dir='ltr'>incitatos,</span> <span class='ocrx_word' id='word_1_295' title='bbox 698 3419 815 3510; x_wconf 89' lang='lat' dir='ltr'>turpia</span> <span class='ocrx_word' id='word_1_296' title='bbox 839 3430 1004 3510; x_wconf 88' lang='lat' dir='ltr'>agentes,</span> <span class='ocrx_word' id='word_1_297' title='bbox 1036 3427 1071 3484; x_wconf 92' lang='lat' dir='ltr'>et</span> 
     </span>
     <span class='ocr_line' id='line_1_54' title="bbox 15 3521 557 3648; baseline 0.006 -59"><span class='ocrx_word' id='word_1_298' title='bbox 15 3523 17 3648; x_wconf 59' lang='lat' dir='ltr'><strong>j</strong></span> <span class='ocrx_word' id='word_1_299' title='bbox 78 3525 182 3596; x_wconf 77' lang='lat' dir='ltr'>variis</span> <span class='ocrx_word' id='word_1_300' title='bbox 199 3521 299 3595; x_wconf 81' lang='lat' dir='ltr'>vitiis</span> <span class='ocrx_word' id='word_1_301' title='bbox 315 3523 557 3592; x_wconf 86' lang='lat' dir='ltr'>dedecoratos.</span> 
     </span>
    </p>
   </div>
   <div class='ocr_carea' id='block_1_17' title="bbox 15 3649 17 3750">
    <p class='ocr_par' dir='ltr' id='par_1_18' title="bbox 15 3649 17 3796">
     <span class='ocr_line' id='line_1_55' title="bbox 15 3649 17 3750; baseline 0 34"><span class='ocrx_word' id='word_1_302' title='bbox 15 3649 17 3750; x_wconf 77' lang='lat' dir='ltr'>l</span> 
     </span>
    </p>
   </div>
   <div class='ocr_carea' id='block_1_18' title="bbox 1120 3189 2241 4917">
    <p class='ocr_par' dir='ltr' id='par_1_19' title="bbox 1121 3189 2241 3684">
     <span class='ocr_line' id='line_1_56' title="bbox 1223 3189 2115 3308; baseline 0.01 -53"><span class='ocrx_word' id='word_1_303' title='bbox 1223 3189 1317 3281; x_wconf 83' lang='lat' dir='ltr'>Quia</span> <span class='ocrx_word' id='word_1_304' title='bbox 1344 3189 1590 3308; x_wconf 78' lang='lat' dir='ltr'>proprietates</span> <span class='ocrx_word' id='word_1_305' title='bbox 1622 3190 1961 3288; x_wconf 83' lang='lat' dir='ltr'>animae&#39;sequitur</span> <span class='ocrx_word' id='word_1_306' title='bbox 1992 3195 2115 3290; x_wconf 87' lang='lat' dir='ltr'>aliquo</span> 
     </span>
     <span class='ocr_line' id='line_1_57' title="bbox 1122 3290 2241 3384; baseline 0.007 -23"><span class='ocrx_word' id='word_1_307' title='bbox 1122 3292 1233 3361; x_wconf 92' lang='lat' dir='ltr'>modo</span> <span class='ocrx_word' id='word_1_308' title='bbox 1255 3290 1417 3362; x_wconf 83' lang='lat' dir='ltr'>narratio</span> <span class='ocrx_word' id='word_1_309' title='bbox 1438 3291 1633 3384; x_wconf 92' lang='lat' dir='ltr'>insignium</span> <span class='ocrx_word' id='word_1_310' title='bbox 1652 3296 1863 3366; x_wconf 90' lang='lat' dir='ltr'>morborum</span> <span class='ocrx_word' id='word_1_311' title='bbox 1892 3296 1987 3381; x_wconf 91' lang='lat' dir='ltr'>eius,</span> <span class='ocrx_word' id='word_1_312' title='bbox 2029 3323 2115 3368; x_wconf 89' lang='lat' dir='ltr'>con·</span> <span class='ocrx_word' id='word_1_313' title='bbox 2237 3349 2241 3356; x_wconf 87' lang='lat'><em>-</em></span> 
     </span>
     <span class='ocr_line' id='line_1_58' title="bbox 1121 3391 2115 3472; baseline 0.007 -9"><span class='ocrx_word' id='word_1_314' title='bbox 1121 3393 1222 3464; x_wconf 89' lang='lat' dir='ltr'>veuit</span> <span class='ocrx_word' id='word_1_315' title='bbox 1233 3391 1485 3464; x_wconf 86' lang='lat' dir='ltr'>universaliter</span> <span class='ocrx_word' id='word_1_316' title='bbox 1498 3405 1626 3466; x_wconf 92' lang='lat' dir='ltr'>notare</span> <span class='ocrx_word' id='word_1_317' title='bbox 1641 3409 1676 3467; x_wconf 92' lang='lat' dir='ltr'>et</span> <span class='ocrx_word' id='word_1_318' title='bbox 1693 3398 1882 3470; x_wconf 88' lang='lat' dir='ltr'>observare</span> <span class='ocrx_word' id='word_1_319' title='bbox 1893 3400 2115 3472; x_wconf 87' lang='lat' dir='ltr'>Mercurium</span> 
     </span>
     <span class='ocr_line' id='line_1_59' title="bbox 1123 3495 2116 3596; baseline 0.007 -29"><span class='ocrx_word' id='word_1_320' title='bbox 1123 3509 1158 3567; x_wconf 89' lang='lat' dir='ltr'>ct</span> <span class='ocrx_word' id='word_1_321' title='bbox 1171 3495 1328 3579; x_wconf 84' lang='lat' dir='ltr'>Lunam,</span> <span class='ocrx_word' id='word_1_322' title='bbox 1353 3499 1536 3591; x_wconf 89' lang='lat' dir='ltr'>quomodo</span> <span class='ocrx_word' id='word_1_323' title='bbox 1553 3521 1591 3568; x_wconf 91' lang='lat' dir='ltr'>se</span> <span class='ocrx_word' id='word_1_324' title='bbox 1604 3511 1731 3570; x_wconf 90' lang='lat' dir='ltr'>mutuo</span> <span class='ocrx_word' id='word_1_325' title='bbox 1749 3501 1948 3596; x_wconf 78' lang='lat' dir='ltr'>adspiciunt</span> <span class='ocrx_word' id='word_1_326' title='bbox 1964 3516 2026 3573; x_wconf 89' lang='lat' dir='ltr'>aut</span> <span class='ocrx_word' id='word_1_327' title='bbox 2040 3527 2116 3574; x_wconf 89' lang='lat' dir='ltr'>car-</span> 
     </span>
     <span class='ocr_line' id='line_1_60' title="bbox 1123 3599 1670 3684; baseline 0.005 -14"><span class='ocrx_word' id='word_1_328' title='bbox 1123 3600 1242 3684; x_wconf 89' lang='lat' dir='ltr'>dines,</span> <span class='ocrx_word' id='word_1_329' title='bbox 1269 3612 1332 3669; x_wconf 86' lang='lat' dir='ltr'>auc</span> <span class='ocrx_word' id='word_1_330' title='bbox 1347 3599 1524 3671; x_wconf 87' lang='lat' dir='ltr'>maleficas</span> <span class='ocrx_word' id='word_1_331' title='bbox 1540 3601 1670 3673; x_wconf 89' lang='lat' dir='ltr'>stellas.</span> 
     </span>
    </p>

    <p class='ocr_par' dir='ltr' id='par_1_20' title="bbox 1120 3701 2138 4917">
     <span class='ocr_line' id='line_1_61' title="bbox 1226 3701 2118 3795; baseline 0.004 -23"><span class='ocrx_word' id='word_1_332' title='bbox 1226 3701 1316 3772; x_wconf 86' lang='lat' dir='ltr'>Cum</span> <span class='ocrx_word' id='word_1_333' title='bbox 1347 3703 1442 3772; x_wconf 87' lang='lat' dir='ltr'>enim</span> <span class='ocrx_word' id='word_1_334' title='bbox 1471 3725 1546 3774; x_wconf 91' lang='lat' dir='ltr'>non</span> <span class='ocrx_word' id='word_1_335' title='bbox 1570 3715 1654 3775; x_wconf 91' lang='lat' dir='ltr'>sunt</span> <span class='ocrx_word' id='word_1_336' title='bbox 1676 3703 1832 3795; x_wconf 88' lang='lat' dir='ltr'>colligati</span> <span class='ocrx_word' id='word_1_337' title='bbox 1856 3705 2056 3778; x_wconf 91' lang='lat' dir='ltr'>Mercurius</span> <span class='ocrx_word' id='word_1_338' title='bbox 2082 3719 2118 3776; x_wconf 93' lang='lat' dir='ltr'>et</span> 
     </span>
     <span class='ocr_line' id='line_1_62' title="bbox 1123 3803 2116 3888; baseline 0.006 -15"><span class='ocrx_word' id='word_1_339' title='bbox 1123 3803 1225 3875; x_wconf 83' lang='lat' dir='ltr'>Luna</span> <span class='ocrx_word' id='word_1_340' title='bbox 1250 3806 1346 3874; x_wconf 91' lang='lat' dir='ltr'>inter</span> <span class='ocrx_word' id='word_1_341' title='bbox 1367 3829 1461 3888; x_wconf 89' lang='lat' dir='ltr'>sese,</span> <span class='ocrx_word' id='word_1_342' title='bbox 1493 3816 1556 3878; x_wconf 89' lang='lat' dir='ltr'>aut</span> <span class='ocrx_word' id='word_1_343' title='bbox 1578 3831 1658 3878; x_wconf 86' lang='lat' dir='ltr'>curn</span> <span class='ocrx_word' id='word_1_344' title='bbox 1681 3807 1718 3878; x_wconf 92' lang='lat' dir='ltr'>in</span> <span class='ocrx_word' id='word_1_345' title='bbox 1739 3807 1905 3878; x_wconf 91' lang='lat' dir='ltr'>orientali</span> <span class='ocrx_word' id='word_1_346' title='bbox 1929 3806 2116 3880; x_wconf 86' lang='lat' dir='ltr'>horizonte</span> 
     </span>
     <span class='ocr_line' id='line_1_63' title="bbox 1123 3909 2117 4000; baseline 0.003 -22"><span class='ocrx_word' id='word_1_347' title='bbox 1123 3921 1357 4000; x_wconf 85' lang='lat' dir='ltr'>superantur,</span> <span class='ocrx_word' id='word_1_348' title='bbox 1391 3921 1454 3978; x_wconf 93' lang='lat' dir='ltr'>aut</span> <span class='ocrx_word' id='word_1_349' title='bbox 1473 3920 1556 3979; x_wconf 90' lang='lat' dir='ltr'>sunt</span> <span class='ocrx_word' id='word_1_350' title='bbox 1578 3909 1818 3992; x_wconf 86' lang='lat' dir='ltr'>circumsessi,</span> <span class='ocrx_word' id='word_1_351' title='bbox 1852 3923 1915 3981; x_wconf 91' lang='lat' dir='ltr'>aut</span> <span class='ocrx_word' id='word_1_352' title='bbox 1935 3911 2117 3984; x_wconf 84' lang='lat' dir='ltr'>maleficae</span> 
     </span>
     <span class='ocr_line' id='line_1_64' title="bbox 1125 4011 2117 4108; baseline 0.005 -29"><span class='ocrx_word' id='word_1_353' title='bbox 1125 4011 1311 4102; x_wconf 88' lang='lat' dir='ltr'>oppositae</span> <span class='ocrx_word' id='word_1_354' title='bbox 1328 4023 1429 4095; x_wconf 88' lang='lat' dir='ltr'>sunt,</span> <span class='ocrx_word' id='word_1_355' title='bbox 1455 4025 1491 4080; x_wconf 92' lang='lat' dir='ltr'>et</span> <span class='ocrx_word' id='word_1_356' title='bbox 1506 4014 1673 4104; x_wconf 88' lang='lat' dir='ltr'>adspectu</span> <span class='ocrx_word' id='word_1_357' title='bbox 1688 4012 1890 4102; x_wconf 88' lang='lat' dir='ltr'>pernicioso</span> <span class='ocrx_word' id='word_1_358' title='bbox 1909 4015 2117 4108; x_wconf 88' lang='lat' dir='ltr'>collocatae,</span> 
     </span>
     <span class='ocr_line' id='line_1_65' title="bbox 1124 4113 2117 4210; baseline 0.005 -29"><span class='ocrx_word' id='word_1_359' title='bbox 1124 4135 1249 4182; x_wconf 90' lang='lat' dir='ltr'>causae</span> <span class='ocrx_word' id='word_1_360' title='bbox 1271 4125 1354 4183; x_wconf 90' lang='lat' dir='ltr'>sunt</span> <span class='ocrx_word' id='word_1_361' title='bbox 1374 4114 1570 4184; x_wconf 90' lang='lat' dir='ltr'>multorum</span> <span class='ocrx_word' id='word_1_362' title='bbox 1593 4113 1825 4198; x_wconf 86' lang='lat' dir='ltr'>morborum,</span> <span class='ocrx_word' id='word_1_363' title='bbox 1867 4117 1930 4210; x_wconf 89' lang='lat' dir='ltr'>qui</span> <span class='ocrx_word' id='word_1_364' title='bbox 1950 4118 2117 4188; x_wconf 87' lang='lat' dir='ltr'>accidunt</span> 
     </span>
     <span class='ocr_line' id='line_1_66' title="bbox 1124 4213 2138 4310; baseline 0.003 -26"><span class='ocrx_word' id='word_1_365' title='bbox 1124 4213 1277 4286; x_wconf 90' lang='lat' dir='ltr'>animae.</span> <span class='ocrx_word' id='word_1_366' title='bbox 1342 4213 1389 4285; x_wconf 87' lang='lat' dir='ltr'>Et</span> <span class='ocrx_word' id='word_1_367' title='bbox 1418 4215 1692 4310; x_wconf 89' lang='lat' dir='ltr'>temperamenti</span> <span class='ocrx_word' id='word_1_368' title='bbox 1720 4217 1880 4288; x_wconf 89' lang='lat' dir='ltr'>conlusio</span> <span class='ocrx_word' id='word_1_369' title='bbox 1913 4221 2067 4290; x_wconf 84' lang='lat' dir='ltr'>sumitur</span> <span class='ocrx_word' id='word_1_370' title='bbox 2095 4215 2138 4287; x_wconf 85' lang='lat' dir='ltr'>a&#39;</span> 
     </span>
     <span class='ocr_line' id='line_1_67' title="bbox 1123 4317 2116 4412; baseline 0.008 -25"><span class='ocrx_word' id='word_1_371' title='bbox 1123 4317 1355 4411; x_wconf 87' lang='lat' dir='ltr'>qualitatihus</span> <span class='ocrx_word' id='word_1_372' title='bbox 1376 4319 1557 4390; x_wconf 90' lang='lat' dir='ltr'>stellarum</span> <span class='ocrx_word' id='word_1_373' title='bbox 1581 4346 1648 4412; x_wconf 93' lang='lat' dir='ltr'>pro</span> <span class='ocrx_word' id='word_1_374' title='bbox 1670 4319 1741 4389; x_wconf 93' lang='lat' dir='ltr'>loci</span> <span class='ocrx_word' id='word_1_375' title='bbox 1766 4332 1908 4390; x_wconf 89' lang='lat' dir='ltr'>natura.</span> <span class='ocrx_word' id='word_1_376' title='bbox 1966 4322 2019 4391; x_wconf 80' lang='lat' dir='ltr'>Ac</span> <span class='ocrx_word' id='word_1_377' title='bbox 2042 4348 2116 4396; x_wconf 88' lang='lat' dir='ltr'>me-</span> 
     </span>
     <span class='ocr_line' id='line_1_68' title="bbox 1122 4420 2116 4517; baseline 0.007 -28"><span class='ocrx_word' id='word_1_378' title='bbox 1122 4421 1253 4492; x_wconf 89' lang='lat' dir='ltr'>diocris</span> <span class='ocrx_word' id='word_1_379' title='bbox 1277 4420 1374 4493; x_wconf 89' lang='lat' dir='ltr'>labes</span> <span class='ocrx_word' id='word_1_380' title='bbox 1399 4447 1441 4492; x_wconf 84' lang='lat' dir='ltr'>ex</span> <span class='ocrx_word' id='word_1_381' title='bbox 1463 4423 1742 4514; x_wconf 87' lang='lat' dir='ltr'>proprietatibus</span> <span class='ocrx_word' id='word_1_382' title='bbox 1762 4423 1987 4514; x_wconf 87' lang='lat' dir='ltr'>planetarum</span> <span class='ocrx_word' id='word_1_383' title='bbox 2016 4425 2116 4517; x_wconf 86' lang='lat' dir='ltr'>prius</span> 
     </span>
     <span class='ocr_line' id='line_1_69' title="bbox 1122 4522 2115 4619; baseline 0.004 -27"><span class='ocrx_word' id='word_1_384' title='bbox 1122 4523 1225 4595; x_wconf 89' lang='lat' dir='ltr'>dictis</span> <span class='ocrx_word' id='word_1_385' title='bbox 1240 4522 1333 4595; x_wconf 89' lang='lat' dir='ltr'>sumi</span> <span class='ocrx_word' id='word_1_386' title='bbox 1347 4537 1483 4616; x_wconf 91' lang='lat' dir='ltr'>potest,</span> <span class='ocrx_word' id='word_1_387' title='bbox 1508 4525 1726 4594; x_wconf 89' lang='lat' dir='ltr'>incrementa</span> <span class='ocrx_word' id='word_1_388' title='bbox 1743 4550 1830 4594; x_wconf 88' lang='lat' dir='ltr'>vero</span> <span class='ocrx_word' id='word_1_389' title='bbox 1847 4529 2115 4619; x_wconf 90' lang='lat' dir='ltr'>conspiciuntur</span> 
     </span>
     <span class='ocr_line' id='line_1_70' title="bbox 1123 4627 2112 4720; baseline 0.003 -25"><span class='ocrx_word' id='word_1_390' title='bbox 1123 4652 1164 4696; x_wconf 81' lang='lat' dir='ltr'>ex</span> <span class='ocrx_word' id='word_1_391' title='bbox 1180 4627 1419 4696; x_wconf 89' lang='lat' dir='ltr'>maleficarum</span> <span class='ocrx_word' id='word_1_392' title='bbox 1439 4627 1698 4720; x_wconf 74' lang='lat' dir='ltr'>exsuperantia.</span> <span class='ocrx_word' id='word_1_393' title='bbox 1737 4627 2001 4710; x_wconf 78' lang='lat' dir='ltr'>Convenienter</span> <span class='ocrx_word' id='word_1_394' title='bbox 2018 4627 2112 4698; x_wconf 92' lang='lat' dir='ltr'>enim</span> 
     </span>
     <span class='ocr_line' id='line_1_71' title="bbox 1121 4729 2114 4820; baseline 0.004 -22"><span class='ocrx_word' id='word_1_395' title='bbox 1121 4729 1190 4798; x_wconf 91' lang='lat' dir='ltr'>dici</span> <span class='ocrx_word' id='word_1_396' title='bbox 1221 4729 1317 4799; x_wconf 89' lang='lat' dir='ltr'>labes</span> <span class='ocrx_word' id='word_1_397' title='bbox 1348 4742 1466 4820; x_wconf 90' lang='lat' dir='ltr'>potest</span> <span class='ocrx_word' id='word_1_398' title='bbox 1499 4731 1656 4802; x_wconf 79' lang='lat' dir='ltr'>excessus</span> <span class='ocrx_word' id='word_1_399' title='bbox 1679 4743 1741 4801; x_wconf 91' lang='lat' dir='ltr'>aut</span> <span class='ocrx_word' id='word_1_400' title='bbox 1762 4733 1915 4808; x_wconf 87' lang='lat' dir='ltr'>desectus</span> <span class='ocrx_word' id='word_1_401' title='bbox 1941 4733 1977 4800; x_wconf 83' lang='lat' dir='ltr'>ib</span> <span class='ocrx_word' id='word_1_402' title='bbox 2005 4733 2114 4802; x_wconf 79' lang='lat' dir='ltr'>niori-</span> 
     </span>
     <span class='ocr_line' id='line_1_72' title="bbox 1120 4829 1814 4917; baseline 0 -16"><span class='ocrx_word' id='word_1_403' title='bbox 1120 4833 1205 4917; x_wconf 91' lang='lat' dir='ltr'>bus,</span> <span class='ocrx_word' id='word_1_404' title='bbox 1230 4832 1398 4902; x_wconf 89' lang='lat' dir='ltr'>recedens</span> <span class='ocrx_word' id='word_1_405' title='bbox 1412 4855 1433 4902; x_wconf 87' lang='lat' dir='ltr'>a</span> <span class='ocrx_word' id='word_1_406' title='bbox 1447 4833 1704 4904; x_wconf 89' lang='lat' dir='ltr'>mediocritate.</span> <span class='ocrx_word' id='word_1_407' title='bbox 1811 4829 1814 4834; x_wconf 75' lang='grc'><strong>’</strong></span> 
     </span>
    </p>
   </div>
   <div class='ocr_carea' id='block_1_19' title="bbox 470 3727 681 3798">
    <p class='ocr_par' dir='ltr' id='par_1_21' title="bbox 470 3727 681 3798">
     <span class='ocr_line' id='line_1_73' title="bbox 470 3727 681 3798; baseline -0.019 0"><span class='ocrx_word' id='word_1_408' title='bbox 470 3727 681 3798; x_wconf 79' lang='lat' dir='ltr'>Mercurius.</span> 
     </span>
    </p>
   </div>
   <div class='ocr_carea' id='block_1_20' title="bbox 15 3874 1093 4689">
    <p class='ocr_par' dir='ltr' id='par_1_22' title="bbox 15 3874 1093 4689">
     <span class='ocr_line' id='line_1_74' title="bbox 15 3874 1093 3968; baseline -0.006 -19"><span class='ocrx_word' id='word_1_409' title='bbox 15 3947 16 3968; x_wconf 21' lang='grc' dir='ltr'>ἢ</span> <span class='ocrx_word' id='word_1_410' title='bbox 174 3875 352 3950; x_wconf 85' lang='lat' dir='ltr'>Mercurii</span> <span class='ocrx_word' id='word_1_411' title='bbox 364 3875 465 3946; x_wconf 91' lang='lat' dir='ltr'>stella</span> <span class='ocrx_word' id='word_1_412' title='bbox 480 3875 556 3947; x_wconf 87' lang='lat' dir='ltr'>sola</span> <span class='ocrx_word' id='word_1_413' title='bbox 572 3874 774 3946; x_wconf 90' lang='lat' dir='ltr'>dominium</span> <span class='ocrx_word' id='word_1_414' title='bbox 791 3874 934 3946; x_wconf 89' lang='lat' dir='ltr'>animae</span> <span class='ocrx_word' id='word_1_415' title='bbox 954 3885 1073 3958; x_wconf 89' lang='lat' dir='ltr'>nacta,</span> <span class='ocrx_word' id='word_1_416' title='bbox 1089 3891 1093 3898; x_wconf 88' lang='grc'><strong><em>·</em></strong></span> 
     </span>
     <span class='ocr_line' id='line_1_75' title="bbox 15 3969 1072 4069; baseline -0.006 -17"><span class='ocrx_word' id='word_1_417' title='bbox 15 3969 17 4002; x_wconf 29' lang='grc' dir='ltr'><strong>ἲ</strong></span> <span class='ocrx_word' id='word_1_418' title='bbox 77 3982 215 4052; x_wconf 87' lang='lat' dir='ltr'>iulocis</span> <span class='ocrx_word' id='word_1_419' title='bbox 231 3977 408 4063; x_wconf 90' lang='lat' dir='ltr'>laudatis,</span> <span class='ocrx_word' id='word_1_420' title='bbox 433 3979 519 4048; x_wconf 89' lang='lat' dir='ltr'>facit</span> <span class='ocrx_word' id='word_1_421' title='bbox 538 3977 794 4069; x_wconf 88' lang='lat' dir='ltr'>intelligentes,</span> <span class='ocrx_word' id='word_1_422' title='bbox 819 4001 982 4068; x_wconf 88' lang='lat' dir='ltr'>sagaces,</span> <span class='ocrx_word' id='word_1_423' title='bbox 1008 3979 1072 4047; x_wconf 89' lang='lat' dir='ltr'>do-</span> 
     </span>
     <span class='ocr_line' id='line_1_76' title="bbox 15 4079 1072 4190; baseline -0.005 -36"><span class='ocrx_word' id='word_1_424' title='bbox 15 4139 16 4190; x_wconf 56' lang='lat' dir='ltr'>i</span> <span class='ocrx_word' id='word_1_425' title='bbox 77 4087 173 4170; x_wconf 84' lang='lat' dir='ltr'>tiles,</span> <span class='ocrx_word' id='word_1_426' title='bbox 201 4083 315 4154; x_wconf 92' lang='lat' dir='ltr'>multa</span> <span class='ocrx_word' id='word_1_427' title='bbox 331 4081 573 4176; x_wconf 88' lang='lat' dir='ltr'>inquirentes,</span> <span class='ocrx_word' id='word_1_428' title='bbox 595 4093 718 4151; x_wconf 89' lang='lat' dir='ltr'>acutos</span> <span class='ocrx_word' id='word_1_429' title='bbox 737 4082 784 4149; x_wconf 91' lang='lat' dir='ltr'>ad</span> <span class='ocrx_word' id='word_1_430' title='bbox 803 4079 1072 4166; x_wconf 89' lang='lat' dir='ltr'>inveniendum,</span> 
     </span>
     <span class='ocr_line' id='line_1_77' title="bbox 15 4183 1073 4279; baseline -0.005 -23"><span class='ocrx_word' id='word_1_431' title='bbox 15 4219 16 4276; x_wconf 52' lang='lat' dir='ltr'>g</span> <span class='ocrx_word' id='word_1_432' title='bbox 77 4191 187 4261; x_wconf 86' lang='lat' dir='ltr'>multa</span> <span class='ocrx_word' id='word_1_433' title='bbox 224 4183 467 4279; x_wconf 82' lang='lat' dir='ltr'>experientes,</span> <span class='ocrx_word' id='word_1_434' title='bbox 513 4183 808 4267; x_wconf 78' lang='lat' dir='ltr'>ratiocinatores,</span> <span class='ocrx_word' id='word_1_435' title='bbox 856 4193 951 4252; x_wconf 91' lang='lat' dir='ltr'>recte</span> <span class='ocrx_word' id='word_1_436' title='bbox 987 4205 1073 4252; x_wconf 92' lang='lat' dir='ltr'>con-</span> 
     </span>
     <span class='ocr_line' id='line_1_78' title="bbox 15 4285 1072 4380; baseline -0.004 -22"><span class='ocrx_word' id='word_1_437' title='bbox 15 4375 17 4380; x_wconf 81' lang='lat'>.</span> <span class='ocrx_word' id='word_1_438' title='bbox 74 4291 266 4372; x_wconf 86' lang='lat' dir='ltr'>iectantes,</span> <span class='ocrx_word' id='word_1_439' title='bbox 296 4300 465 4357; x_wconf 90' lang='lat' dir='ltr'>naturam</span> <span class='ocrx_word' id='word_1_440' title='bbox 488 4309 610 4356; x_wconf 92' lang='lat' dir='ltr'>rerum</span> <span class='ocrx_word' id='word_1_441' title='bbox 633 4285 877 4380; x_wconf 74' lang='lat' dir='ltr'>inipuirentes,</span> <span class='ocrx_word' id='word_1_442' title='bbox 911 4285 1072 4378; x_wconf 86' lang='lat' dir='ltr'>ingenio-</span> 
     </span>
     <span class='ocr_line' id='line_1_79' title="bbox 15 4390 1071 4481; baseline -0.006 -17"><span class='ocrx_word' id='word_1_443' title='bbox 15 4477 16 4480; x_wconf 8' lang='grc' dir='ltr'><strong>Ἴ</strong></span> <span class='ocrx_word' id='word_1_444' title='bbox 77 4419 151 4480; x_wconf 89' lang='lat' dir='ltr'>sos,</span> <span class='ocrx_word' id='word_1_445' title='bbox 185 4391 406 4474; x_wconf 87' lang='lat' dir='ltr'>imitatores,</span> <span class='ocrx_word' id='word_1_446' title='bbox 437 4390 633 4473; x_wconf 90' lang='lat' dir='ltr'>beneficos,</span> <span class='ocrx_word' id='word_1_447' title='bbox 666 4399 951 4481; x_wconf 88' lang='lat' dir='ltr'>computatores,</span> <span class='ocrx_word' id='word_1_448' title='bbox 992 4413 1071 4480; x_wconf 90' lang='lat' dir='ltr'>spe-</span> 
     </span>
     <span class='ocr_line' id='line_1_80' title="bbox 15 4483 1086 4585; baseline -0.005 -19"><span class='ocrx_word' id='word_1_449' title='bbox 15 4483 41 4576; x_wconf 80' lang='lat' dir='ltr'>l.</span> <span class='ocrx_word' id='word_1_450' title='bbox 78 4497 271 4577; x_wconf 90' lang='lat' dir='ltr'>culativos,</span> <span class='ocrx_word' id='word_1_451' title='bbox 297 4489 589 4576; x_wconf 87' lang='lat' dir='ltr'>mathematicos,</span> <span class='ocrx_word' id='word_1_452' title='bbox 614 4491 794 4585; x_wconf 87' lang='lat' dir='ltr'>mysteriis</span> <span class='ocrx_word' id='word_1_453' title='bbox 812 4492 971 4577; x_wconf 88' lang='lat' dir='ltr'>deditos,</span> <span class='ocrx_word' id='word_1_454' title='bbox 994 4515 1086 4570; x_wconf 72' lang='lat' dir='ltr'>non,</span> 
     </span>
     <span class='ocr_line' id='line_1_81' title="bbox 76 4593 568 4689; baseline -0.004 -21"><span class='ocrx_word' id='word_1_455' title='bbox 76 4593 247 4671; x_wconf 87' lang='lat' dir='ltr'>babentes</span> <span class='ocrx_word' id='word_1_456' title='bbox 263 4596 386 4666; x_wconf 88' lang='lat' dir='ltr'>irritos</span> <span class='ocrx_word' id='word_1_457' title='bbox 402 4595 568 4689; x_wconf 85' lang='lat' dir='ltr'>impetus.</span> 
     </span>
    </p>
   </div>
   <div class='ocr_carea' id='block_1_21' title="bbox 15 4728 1070 4930">
    <p class='ocr_par' dir='ltr' id='par_1_23' title="bbox 15 4719 1070 4930">
     <span class='ocr_line' id='line_1_82' title="bbox 171 4728 1070 4814; baseline -0.007 -8.035"><span class='ocrx_word' id='word_1_458' title='bbox 171 4733 334 4806; x_wconf 87' lang='lat' dir='ltr'>Econtra</span> <span class='ocrx_word' id='word_1_459' title='bbox 358 4753 464 4812; x_wconf 91' lang='lat' dir='ltr'>vero,</span> <span class='ocrx_word' id='word_1_460' title='bbox 504 4728 542 4796; x_wconf 92' lang='lat' dir='ltr'>in</span> <span class='ocrx_word' id='word_1_461' title='bbox 566 4729 654 4799; x_wconf 88' lang='lat' dir='ltr'>locis</span> <span class='ocrx_word' id='word_1_462' title='bbox 675 4728 853 4813; x_wconf 88' lang='lat' dir='ltr'>distortis,</span> <span class='ocrx_word' id='word_1_463' title='bbox 895 4743 1070 4814; x_wconf 89' lang='lat' dir='ltr'>versutos,</span> 
     </span>
     <span class='ocr_line' id='line_1_83' title="bbox 15 4827 1069 4930; baseline -0.004 -24"><span class='ocrx_word' id='word_1_464' title='bbox 15 4889 16 4922; x_wconf 62' lang='lat'>,</span> <span class='ocrx_word' id='word_1_465' title='bbox 77 4836 306 4930; x_wconf 87' lang='lat' dir='ltr'>praecipites,</span> <span class='ocrx_word' id='word_1_466' title='bbox 330 4831 543 4915; x_wconf 91' lang='lat' dir='ltr'>obliviosos,</span> <span class='ocrx_word' id='word_1_467' title='bbox 570 4827 740 4904; x_wconf 88' lang='lat' dir='ltr'>habentes</span> <span class='ocrx_word' id='word_1_468' title='bbox 755 4833 885 4902; x_wconf 88' lang='lat' dir='ltr'>celeres</span> <span class='ocrx_word' id='word_1_469' title='bbox 904 4831 1069 4925; x_wconf 80' lang='lat' dir='ltr'>impetus,</span> 
     </span>
    </p>
   </div>
   <div class='ocr_carea' id='block_1_22' title="bbox 15 4923 2114 5130">
    <p class='ocr_par' dir='ltr' id='par_1_24' title="bbox 15 4923 2114 5130">
     <span class='ocr_line' id='line_1_84' title="bbox 15 4923 2114 5032; baseline 0 -28"><span class='ocrx_word' id='word_1_470' title='bbox 15 4923 17 4980; x_wconf 68' lang='lat' dir='ltr'>l</span> <span class='ocrx_word' id='word_1_471' title='bbox 77 4938 185 5024; x_wconf 89' lang='lat' dir='ltr'>leves,</span> <span class='ocrx_word' id='word_1_472' title='bbox 213 4936 424 5020; x_wconf 89' lang='lat' dir='ltr'>mutabiles,</span> <span class='ocrx_word' id='word_1_473' title='bbox 457 4935 684 5027; x_wconf 88' lang='lat' dir='ltr'>propositum</span> <span class='ocrx_word' id='word_1_474' title='bbox 709 4948 905 5018; x_wconf 89' lang='lat' dir='ltr'>mutantes,</span> <span class='ocrx_word' id='word_1_475' title='bbox 938 4936 1068 5021; x_wconf 88' lang='lat' dir='ltr'>fatuos,</span> <span class='ocrx_word' id='word_1_476' title='bbox 1223 4934 1411 5006; x_wconf 90' lang='lat' dir='ltr'>Caeterum</span> <span class='ocrx_word' id='word_1_477' title='bbox 1429 4935 1584 5007; x_wconf 88' lang='lat' dir='ltr'>maiores</span> <span class='ocrx_word' id='word_1_478' title='bbox 1597 4939 1748 5016; x_wconf 81' lang='lat' dir='ltr'>furores,</span> <span class='ocrx_word' id='word_1_479' title='bbox 1766 4929 1828 5028; x_wconf 85' lang='lat' dir='ltr'>qui</span> <span class='ocrx_word' id='word_1_480' title='bbox 1844 4947 2016 5032; x_wconf 88' lang='lat' dir='ltr'>tanquam</span> <span class='ocrx_word' id='word_1_481' title='bbox 2032 4963 2114 5031; x_wconf 88' lang='lat' dir='ltr'>per-</span> 
     </span>
     <span class='ocr_line' id='line_1_85' title="bbox 15 4997 1068 5130; baseline -0.004 -20"><span class='ocrx_word' id='word_1_482' title='bbox 15 4997 17 5086; x_wconf 83' lang='lat' dir='ltr'>l</span> <span class='ocrx_word' id='word_1_483' title='bbox 75 5044 227 5112; x_wconf 91' lang='lat' dir='ltr'>nocendi</span> <span class='ocrx_word' id='word_1_484' title='bbox 251 5039 421 5130; x_wconf 90' lang='lat' dir='ltr'>cupidos,</span> <span class='ocrx_word' id='word_1_485' title='bbox 445 5039 591 5122; x_wconf 89' lang='lat' dir='ltr'>stultos,</span> <span class='ocrx_word' id='word_1_486' title='bbox 616 5033 895 5120; x_wconf 88' lang='lat' dir='ltr'>hallucinantes,</span> <span class='ocrx_word' id='word_1_487' title='bbox 921 5039 1068 5107; x_wconf 89' lang='lat' dir='ltr'>menda-</span> 
     </span>
    </p>
   </div>
   <div class='ocr_carea' id='block_1_23' title="bbox 15 5034 2113 5236">
    <p class='ocr_par' dir='ltr' id='par_1_25' title="bbox 15 5034 2113 5260">
     <span class='ocr_line' id='line_1_86' title="bbox 1119 5034 2109 5129; baseline 0.004 -23"><span class='ocrx_word' id='word_1_488' title='bbox 1119 5036 1219 5129; x_wconf 92' lang='lat' dir='ltr'>petui</span> <span class='ocrx_word' id='word_1_489' title='bbox 1235 5039 1353 5108; x_wconf 92' lang='lat' dir='ltr'>morbi</span> <span class='ocrx_word' id='word_1_490' title='bbox 1371 5038 1408 5106; x_wconf 94' lang='lat' dir='ltr'>in</span> <span class='ocrx_word' id='word_1_491' title='bbox 1427 5051 1554 5108; x_wconf 89' lang='lat' dir='ltr'>natura</span> <span class='ocrx_word' id='word_1_492' title='bbox 1571 5034 1740 5120; x_wconf 90' lang='lat' dir='ltr'>haerent,</span> <span class='ocrx_word' id='word_1_493' title='bbox 1774 5051 1810 5106; x_wconf 91' lang='lat' dir='ltr'>et</span> <span class='ocrx_word' id='word_1_494' title='bbox 1827 5039 1977 5111; x_wconf 89' lang='lat' dir='ltr'>laedunt</span> <span class='ocrx_word' id='word_1_495' title='bbox 1998 5054 2109 5112; x_wconf 89' lang='lat' dir='ltr'>totam</span> 
     </span>
     <span class='ocr_line' id='line_1_87' title="bbox 15 5141 2113 5236; baseline -0.001 -19"><span class='ocrx_word' id='word_1_496' title='bbox 15 5151 17 5190; x_wconf 67' lang='lat' dir='ltr'>l</span> <span class='ocrx_word' id='word_1_497' title='bbox 77 5169 145 5230; x_wconf 85' lang='lat' dir='ltr'>ces,</span> <span class='ocrx_word' id='word_1_498' title='bbox 172 5145 395 5236; x_wconf 87' lang='lat' dir='ltr'>negligentes</span> <span class='ocrx_word' id='word_1_499' title='bbox 410 5141 613 5212; x_wconf 89' lang='lat' dir='ltr'>discrimina</span> <span class='ocrx_word' id='word_1_500' title='bbox 630 5165 751 5210; x_wconf 88' lang='lat' dir='ltr'>rerum</span> <span class='ocrx_word' id='word_1_501' title='bbox 768 5152 803 5211; x_wconf 93' lang='lat' dir='ltr'>et</span> <span class='ocrx_word' id='word_1_502' title='bbox 817 5165 1067 5232; x_wconf 88' lang='lat' dir='ltr'>personarum,</span> <span class='ocrx_word' id='word_1_503' title='bbox 1118 5151 1256 5231; x_wconf 87' lang='lat' dir='ltr'>partem</span> <span class='ocrx_word' id='word_1_504' title='bbox 1280 5141 1494 5211; x_wconf 89' lang='lat' dir='ltr'>rationalem</span> <span class='ocrx_word' id='word_1_505' title='bbox 1521 5152 1556 5209; x_wconf 93' lang='lat' dir='ltr'>et</span> <span class='ocrx_word' id='word_1_506' title='bbox 1577 5143 1821 5236; x_wconf 88' lang='lat' dir='ltr'>adpetentem,</span> <span class='ocrx_word' id='word_1_507' title='bbox 1860 5143 1923 5213; x_wconf 89' lang='lat' dir='ltr'>tali</span> <span class='ocrx_word' id='word_1_508' title='bbox 1948 5145 2113 5216; x_wconf 90' lang='lat' dir='ltr'>observa-</span> 
     </span>
    </p>
   </div>
   <div class='ocr_carea' id='block_1_24' title="bbox 15 5242 2111 5542">
    <p class='ocr_par' dir='ltr' id='par_1_26' title="bbox 15 5242 2111 5542">
     <span class='ocr_line' id='line_1_88' title="bbox 15 5242 1763 5352; baseline 0.001 -38"><span class='ocrx_word' id='word_1_509' title='bbox 15 5279 17 5352; x_wconf 33' lang='grc' dir='ltr'>ι</span> <span class='ocrx_word' id='word_1_510' title='bbox 78 5248 277 5331; x_wconf 87' lang='lat' dir='ltr'>instabiles,</span> <span class='ocrx_word' id='word_1_511' title='bbox 305 5245 454 5329; x_wconf 84' lang='lat' dir='ltr'>infidos,</span> <span class='ocrx_word' id='word_1_512' title='bbox 488 5245 776 5328; x_wconf 82' lang='lat' dir='ltr'>defraudatores,</span> <span class='ocrx_word' id='word_1_513' title='bbox 809 5243 980 5328; x_wconf 91' lang='lat' dir='ltr'>iniustos,</span> <span class='ocrx_word' id='word_1_514' title='bbox 1006 5246 1066 5314; x_wconf 89' lang='lat' dir='ltr'>de·</span> <span class='ocrx_word' id='word_1_515' title='bbox 1119 5243 1216 5314; x_wconf 89' lang='lat' dir='ltr'>tione</span> <span class='ocrx_word' id='word_1_516' title='bbox 1234 5243 1270 5313; x_wconf 92' lang='lat' dir='ltr'>in</span> <span class='ocrx_word' id='word_1_517' title='bbox 1288 5269 1416 5337; x_wconf 89' lang='lat' dir='ltr'>genere</span> <span class='ocrx_word' id='word_1_518' title='bbox 1432 5243 1480 5312; x_wconf 89' lang='lat' dir='ltr'>ita</span> <span class='ocrx_word' id='word_1_519' title='bbox 1498 5242 1763 5316; x_wconf 89' lang='lat' dir='ltr'>iudicarelicet.</span> 
     </span>
     <span class='ocr_line' id='line_1_89' title="bbox 1219 5346 2111 5444; baseline 0 -26"><span class='ocrx_word' id='word_1_520' title='bbox 1219 5346 1408 5440; x_wconf 89' lang='lat' dir='ltr'>Epileptici</span> <span class='ocrx_word' id='word_1_521' title='bbox 1441 5347 1536 5416; x_wconf 91' lang='lat' dir='ltr'>enim</span> <span class='ocrx_word' id='word_1_522' title='bbox 1572 5349 1784 5444; x_wconf 89' lang='lat' dir='ltr'>plerumque</span> <span class='ocrx_word' id='word_1_523' title='bbox 1818 5348 1935 5434; x_wconf 87' lang='lat' dir='ltr'>finnt,</span> <span class='ocrx_word' id='word_1_524' title='bbox 1983 5347 2111 5441; x_wconf 90' lang='lat' dir='ltr'>quihus</span> 
     </span>
     <span class='ocr_line' id='line_1_90' title="bbox 1116 5445 2110 5542; baseline 0.003 -27"><span class='ocrx_word' id='word_1_525' title='bbox 1116 5445 1219 5518; x_wconf 91' lang='lat' dir='ltr'>Luna</span> <span class='ocrx_word' id='word_1_526' title='bbox 1244 5463 1279 5520; x_wconf 93' lang='lat' dir='ltr'>et</span> <span class='ocrx_word' id='word_1_527' title='bbox 1299 5451 1499 5530; x_wconf 85' lang='lat' dir='ltr'>Mercurius</span> <span class='ocrx_word' id='word_1_528' title='bbox 1526 5475 1601 5521; x_wconf 92' lang='lat' dir='ltr'>uon</span> <span class='ocrx_word' id='word_1_529' title='bbox 1626 5465 1710 5524; x_wconf 90' lang='lat' dir='ltr'>sunt</span> <span class='ocrx_word' id='word_1_530' title='bbox 1730 5449 1887 5542; x_wconf 83' lang='lat' dir='ltr'>colligati</span> <span class='ocrx_word' id='word_1_531' title='bbox 1907 5451 2002 5520; x_wconf 91' lang='lat' dir='ltr'>iuter</span> <span class='ocrx_word' id='word_1_532' title='bbox 2024 5475 2110 5534; x_wconf 88' lang='lat' dir='ltr'>sese,</span> 
     </span>
    </p>
   </div>
   <div class='ocr_carea' id='block_1_25' title="bbox 140 5409 273 5422">
    <p class='ocr_par' dir='ltr' id='par_1_27' title="bbox 140 5409 273 5422">
     <span class='ocr_line' id='line_1_91' title="bbox 140 5409 273 5422; baseline 0.015 -2"><span class='ocrx_word' id='word_1_533' title='bbox 140 5413 194 5421; x_wconf 57' lang='grc' dir='ltr'>..ς-</span> <span class='ocrx_word' id='word_1_534' title='bbox 207 5409 273 5422; x_wconf 73' lang='lat'>.-—</span> 
     </span>
    </p>
   </div>
   <div class='ocr_carea' id='block_1_26' title="bbox 109 5477 857 5552">
    <p class='ocr_par' dir='ltr' id='par_1_28' title="bbox 109 5443 857 5552">
     <span class='ocr_line' id='line_1_92' title="bbox 109 5477 857 5552; baseline -0.009 -14"><span class='ocrx_word' id='word_1_535' title='bbox 109 5483 157 5552; x_wconf 81' lang='lat' dir='ltr'>ss)</span> <span class='ocrx_word' id='word_1_536' title='bbox 175 5483 351 5546; x_wconf 61' lang='lat' dir='ltr'>immuta]</span> <span class='ocrx_word' id='word_1_537' title='bbox 369 5482 418 5535; x_wconf 83' lang='lat' dir='ltr'>rc</span> <span class='ocrx_word' id='word_1_538' title='bbox 432 5479 508 5535; x_wconf 78' lang='lat' dir='ltr'>sess.</span> <span class='ocrx_word' id='word_1_539' title='bbox 525 5479 679 5546; x_wconf 72' lang='lat' dir='ltr'>eormpsss·</span> <span class='ocrx_word' id='word_1_540' title='bbox 695 5477 857 5532; x_wconf 66' lang='lat' dir='ltr'>suumn.</span> 
     </span>
    </p>
   </div>
   <div class='ocr_carea' id='block_1_27' title="bbox 0 0 2369 5808">
    <p class='ocr_par' dir='ltr' id='par_1_29' title="bbox 0 0 2369 5808">
     <span class='ocr_line' id='line_1_93' title="bbox 0 0 2369 5808; baseline 0 0"><span class='ocrx_word' id='word_1_541' title='bbox 0 0 2369 5808; x_wconf 95' lang='lat' dir='ltr'> </span> 
     </span>
    </p>
   </div>
  </div>
 </body>
</html>
