4662 5804
261 1189 443 1278 LXXV.
521 1188 721 1277 Pullo
775 1185 952 1273 Milli.
1001 1181 1677 1283 tnrnltrnnunulo
1733 1197 2067 1291 IDYLIrll
2113 1201 2237 1290 XIX.

1051 1333 1447 1427 ΤΗΕΟΟΒΙΤΙ.

231 1623 283 1734 Α
304 1675 546 1742 matorum
566 1679 757 1758 scriptoribus
778 1676 907 1754 denique
931 1673 970 1734 ad
992 1669 1178 1736 bucolicon
1199 1673 1446 1740 Theocritum
1465 1683 1691 1763 progredientes
1713 1685 1866 1750 efferimur
1887 1691 2087 1754 Melanthoniu
2109 1695 2265 1772 interpre-

232 1769 374 1868 pationem
395 1768 459 1826 einr
480 1765 576 1843 idyllii
596 1764 678 1824 XlX.
700 1757 936 1844 Κηριοκλέπτης
966 1757 1114 1841 (sevorum
1136 1757 1201 1840 sur)
1229 1762 1377 1842 interipti,
1415 1785 1491 1846 qnae
1519 1789 1585 1830 oum
1616 1773 1731 1851 integro
1759 1773 1845 1834 huius
1874 1779 2009 1838 carmini·
2038 1789 2123 1838 textu
2158 1797 2265 1858 graeco

230 1863 380 1911 mremtur

441 1985 469 2026 a.
500 1967 530 2026 in
550 1965 748 2027 Melanthonia
770 1961 850 2043 Opp.
873 1963 962 2024 Basil.
984 1965 1071 2026 Tour.
1086 1963 1124 2023 V.
1154 1982 1184 2042 p.
1198 1959 1264 2026 ³36
1277 1983 1337 2042 tq„

442 2071 470 2131 b.
503 2069 534 2128 in
555 2067 668 2128 Seeerii
686 2066 838 2146 farragine
861 2067 1044 2148 Epigramm.
1066 2065 1161 2144 Mel,

442 2191 469 2234 o.
501 2171 531 2231 in
553 2169 706 2231 Gratlrueii
726 2169 903 2230 collectione
925 2187 1026 2229 eorum
1048 2159 1320 2246 tollite-5¹,

441 2275 471 2334 d.
505 2275 536 2334 in
557 2275 707 2336 Vrneentii
728 2273 785 2334 Ed.
809 2289 911 2334 eorum
932 2272 985 2333 iol.
1001 2273 1032 2332 K
1046 2265 1213 2350 ib-ffl,

440 2395 469 2436 e.
502 2379 532 2437 in
554 2375 641 2439 huius
662 2377 751 2456 Corp.
773 2371 907 2436 Reform.
930 2373 997 2436 Vol.
1013 2374 1051 2436 X.
1073 2394 1104 2454 p.
1119 2371 1194 2437 486.
1216 2393 1262 2436 nr.
1278 2371 1333 2437 21.

1108 2599 1376 2612 *σ-

879 2829 1222 2909 THEOGRITI
1262 2833 1617 2935 Κηριοκλέπτης

775 2965 1004 3028 PHILIPPO
1025 2967 1362 3030 MELANTHONE
1384 2967 1708 3036 INTERPRETE.

276 3157 307 3228 Ε
322 3181 436 3250 parvo
449 3155 588 3226 alveolo
604 3155 784 3226 iurantem
801 3155 906 3227 mella
922 3179 1133 3248 procacem,
1269 3153 1482 3249 Impatiens,
1507 3159 1729 3256 plodensque
1741 3162 1859 3232 solum
1877 3161 2081 3251 pernicibus
2097 3161 2168 3232 alis

223 3261 319 3332 Fixit
331 3261 408 3354 apia
423 3283 575 3354 puerum
589 3255 759 3344 Veneris,
785 3259 987 3355 digitosque
1001 3263 1150 3332 tenellos
1269 3260 1443 3332 Subvolat
1452 3263 1499 3332 ad
1512 3275 1678 3348 matrem,
1692 3264 1822 3356 digitos
1832 3276 2078 3358 monstratque
2088 3277 2269 3334 cruentos.

223 3363 381 3435 Vulnere
396 3387 472 3433 non
490 3385 563 3433 uno
576 3361 767 3447 laceravit,
793 3363 912 3434 saucia
929 3364 1026 3436 laeso
1270 3363 1473 3458 Quantula,
1500 3365 1571 3449 ait,
1598 3367 1754 3438 volucris
1772 3366 1939 3437 mortalia
1954 3367 2104 3437 vulnera
2120 3367 2234 3436 lecit?

224 3465 468 3562 intumuitque
479 3463 511 3563 ¹)
527 3488 674 3546 manus;
700 3490 824 3537 verum
840 3491 931 3561 puer
948 3467 1021 3561 ipse
1036 3465 1172 3539 doloris
1270 3467 1390 3537 Mater
1404 3467 1454 3536 ait
1471 3467 1609 3539 ridens:
1637 3465 1835 3553 Tantillus,
1863 3469 1982 3564 qualia
1998 3493 2105 3561 saepe

229 3627 435 3645 ....-.....
1043 3622 1045 3626 .
1269 3569 1429 3642 Vulnera
1447 3572 1510 3642 dae
1523 3595 1625 3664 puer,
1644 3597 1684 3642 ac
1701 3573 1827 3666 apibus
1841 3596 1916 3642 non
1930 3595 2082 3665 corpore
2096 3585 2268 3664 praestas.

262 3705 293 3763 1)
310 3703 509 3769 tutorumque]
529 3703 598 3767 Opp.
611 3702 697 3754 Bull.
716 3705 766 3756 1.1.
786 3703 883 3756 mendo
897 3705 1028 3768 typogr:
1047 3703 1219 3770 lutumtque.
