4662 5804
64 210 175 282 roll
296 215 306 228 “
557 201 680 278 LXXI.
700 219 720 238 ”
738 199 1135 295 ΙΝΤΕΗΡΒΕΤΑΤΙΟ
1170 199 1296 274 loliis
1328 197 1580 274 EURIPIDIS.
1989 173 2086 284 lo'le

115 381 213 454 Olor.
235 377 452 448 Communes
473 375 576 446 nohis
599 374 746 470 quidem
761 378 834 448 sint
852 380 1047 450 domorum
1100 368 1176 444 685
1201 376 1276 444 loe.
1299 373 1382 445 Nou
1396 378 1520 444 endem
1538 386 1591 446 est
1605 373 1802 466 ignominia

470 478 668 563 felicitates,
942 511 947 518 ·
1149 476 1359 546 Absentiam
1375 491 1411 546 el
1423 476 1677 569 praesentium.

114 584 255 653 Temen
269 580 376 652 etium
394 581 581 650 dominum
595 605 669 654 esse
686 583 823 652 felicem
1150 568 1233 670 Εςό
1246 592 1339 649 certe
1351 593 1574 672 praesentem
1590 579 1773 651 fortunam
1788 579 1997 671 amplector,

114 686 280 777 Optorim
296 697 331 752 et
345 677 536 754 Erechthei
549 684 736 756 familiam.
1150 682 1294 782 l’etrem
1312 694 1346 752 te
1363 683 1565 762 inveniens;
1591 685 1653 753 sed
1669 682 1755 778 quid
1773 684 1938 774 cogitem,

111 789 223 860 ruri.
247 785 376 870 Ofili,-
388 787 432 856 de
446 797 507 856 tue
523 786 730 857 inventione
745 785 843 855 Deus
1149 784 1256 860 Audi.
1307 783 1441 855 Dicunt
1455 784 1640 875 indigenas
1655 809 1729 856 esse

53 887 141 970 Ι570
160 890 251 959 Rern
267 900 362 958 recle
375 888 542 979 perfecit„
567 899 602 959 et
616 889 732 960 iunxit
747 901 781 957 te
797 883 903 966 mihi;
1100 881 1176 956 590
1195 882 1374 971 Athones,
1394 911 1459 956 nec
1474 887 1618 956 aliunde
1636 890 1828 958 adductum
1845 873 1968 978 genus.

114 993 244 1086 Tuque
271 989 426 1062 vicissim
450 987 658 1062 charissima
690 990 858 1062 invenisti
887 985 1047 1058 nesciens
1149 989 1205 1059 ld
1231 1014 1319 1084 quus
1348 990 1377 1062 si
1400 1014 1629 1073 concessero,
1670 993 1760 1059 dnos
1786 991 1932 1058 morbos
1958 991 2081 1050 nucius

232 1156 235 1166 .
479 1105 596 1166 antea.
1506 1093 1621 1176 iuero,

115 1201 170 1270 ld
196 1198 295 1291 quod
312 1207 431 1268 eutem
449 1209 485 1264 et
507 1207 547 1266 tu
561 1196 728 1267 incitatus
746 1221 803 1279 es,
828 1207 864 1265 et
885 1193 979 1264 illius
995 1190 1045 1260 rei
1148 1194 1257 1264 Patre
1273 1195 1451 1289 inquilino
1466 1208 1591 1278 natus,
1608 1207 1642 1263 et
1657 1188 1801 1265 nothus.

472 1322 529 1367 me
544 1299 759 1370 desiderium
776 1295 897 1380 habet,
1149 1295 1196 1365 Et
1218 1293 1288 1367 hoc
1310 1292 1445 1369 habens
1465 1299 1661 1390 probrum,
1691 1297 1720 1368 si
1736 1319 1902 1366 maneam
1925 1281 2081 1359 imbecil-

112 1404 309 1494 Quomodo
323 1414 364 1471 tu
375 1400 538 1472 invenias
555 1413 708 1472 mutrem
725 1414 840 1484 tuam,
991 1477 994 1484 ,
1498 1397 1614 1497 lisffi),

112 1504 161 1575 Et
177 1529 262 1596 ego,
285 1528 327 1574 ex
342 1527 413 1598 qne
429 1499 521 1572 mihi
535 1504 684 1576 muliere
698 1517 803 1574 notus
818 1501 877 1574 sis.
1149 1496 1263 1572 Nihili
1277 1498 1388 1572 homo
1403 1504 1573 1574 vocabor.

61 1603 138 1682 576
156 1601 474 1692 „Tribnentcohoc
481 1607 636 1698 tempori
649 1609 799 1678 fortusse
813 1603 1046 1674 inveniemus·
1100 1600 1175 1676 595
1201 1604 1370 1689 „sivero
1388 1605 1425 1674 in
1441 1606 1561 1697 prim‘o
1575 1604 1728 1676 civitatis
1750 1601 1876 1673 ordine

18 1741 21 1751 =
110 1711 248 1780 Verum
258 1709 539 1803 relinquensDei
549 1710 720 1802 templum
736 1721 771 1778 et
779 1722 881 1780 tuum
890 1703 1047 1786 exilium,
1151 1705 1319 1802 „Aliquis
1335 1733 1409 1778 csse
1424 1710 1660 1790 contendum,
1683 1732 1703 1776 a
1725 1703 1947 1776 tenuioribus

110 1808 274 1884 Athenas
292 1835 352 1883 ees
370 1835 451 1882 cum
465 1824 580 1904 patre,
1149 1809 1276 1894 „Odio
1305 1807 1536 1892 habebimur3
1580 1810 1703 1880 odiose
1731 1809 1827 1878 enirn
1853 1816 1937 1876 sunt
1961 1810 2085 1890 poten-

110 1916 187 1987 Ubi
203 1929 237 1984 te
254 1914 412 2006 locuples
425 1938 575 2006 regnum
593 1927 755 2006 expectat
766 1913 890 2005 patris,
930 1963 939 1981 ,
1515 1913 1621 1983 tiore.

110 2019 161 2090 Et
177 2040 329 2109 magnae
344 2041 449 2110 opes,
473 2041 550 2100 „ne
567 2041 709 2100 cerem,
732 2016 821 2086 alter
1150 2013 1253 2107 „Qui
1268 2026 1386 2085 nutem
1403 2015 1492 2084 boni
1506 2027 1540 2084 et
1558 2014 1712 2106 ingeniis
1728 2011 1936 2083 excellentes

62 2121 140 2194 680
172 2119 370 2206 „Duorum
387 2118 546 2204 voceris,
575 2118 761 2212 ignobilis,
790 2129 826 2187 et
840 2113 947 2186 simul
961 2135 1047 2204 peu·
1152 2169 1175 2203 „
1182 2110 1338 2202 Terent,
1361 2141 1428 2186 nec
1444 2119 1490 2188 nd
1505 2117 1648 2210 negotio
1666 2125 1865 2210 properent

24 2317 26 2322 ι
478 2245 565 2314 per,
1100 2220 1175 2292 600
1198 2217 1304 2304 „Risi
1318 2215 1375 2290 his
1390 2243 1471 2304 ero,
1500 2232 1536 2290 et
1549 2221 1648 2292 stulti
1660 2241 1795 2291 nomen
1809 2211 2008 2290 nanciscor,

111 2327 216 2408 „Sed
230 2323 362 2395 nobilis
379 2335 416 2396 et
429 2324 539 2394 dives.
596 2360 599 2366 ·
628 2329 632 2334 '
1022 2379 1025 2384 ,
1153 2321 1256 2414 „Qui
1271 2343 1349 2390 nou
1366 2322 1546 2416 quiescam
1564 2323 1601 2391 in
1623 2323 1765 2392 civitate
1785 2320 1891 2412 plene
1916 2307 2086 2388 sollicitu-

110 2426 254 2500 Taces?
279 2427 597 2498 etcurinterrem
613 2427 746 2496 defixos
767 2413 1035 2494 oculoshobes?
1508 2423 1660 2520 dimit).

109 2531 173 2600 Ad
186 2531 416 2621 cogitandum
432 2553 610 2621 regressus
624 2552 679 2610 cs,
705 2540 740 2597 et
755 2549 797 2596 ex
812 2521 962 2594 laetitiu'
1154 2522 1341 2607 „Rursum
1360 2526 1405 2594 nd
1418 2526 1633 2617 sapientium
1648 2538 1684 2596 et
1697 2514 1898 2616 regentiiim

109 2633 250 2702 lterum
265 2644 423 2704 mutatus
437 2643 572 2702 metum
588 2629 704 2701 iniicis
720 2627 816 2721 patri
824 2625 885 2724 ⁶⁷)
1153 2677 1176 2711 ‚‚
1182 2625 1387 2699 Ascendere
1403 2627 1632 2719 dignitatem,
1654 2629 1767 2720 magis
1782 2621 2001 2696 observabor

1153 2781 1176 2812 ,‚
1185 2727 1351 2800 Calculus
1366 2729 1516 2813 civium;
1546 2731 1596 2804 sic
1611 2732 1707 2802 enirn
1722 2728 1791 2801 hoc
1806 2727 1896 2798 solet
1915 2719 2085 2799 accidere,

92 2837 148 2896 m
166 2836 229 2889 lon.
247 2837 292 2884 Au
307 2847 367 2888 sum
383 2859 419 2872 -
438 2834 521 2898 petri.
539 2836 596 2893 (rs.
609 2825 798 2895 bbS-bffl]
822 2827 864 2880 ⁸1⁰
886 2825 937 2878 Ed.
958 2822 1050 2884 ¹5⁶2&
1518 2859 1539 2904 0
1556 2848 1671 2926 pater,

133 2905 185 2958 lto.
204 2904 295 2956 iffi:
1313 2934 1323 2952 .
1657 2938 1666 2953 .
1999 2924 2007 2940 ·
2060 2922 2068 2936 ·

167 2975 230 3026 lou.
259 2969 322 3038 [lto.
337 2972 414 3024 lbbss.
432 2965 538 3035 Inte]
564 2969 650 3020 certe
666 2967 741 3019 loris
759 2979 795 3018 ex
811 2965 971 3017 illinuntur
990 2973 1051 3012 sum
1103 2928 1177 3003 605
1219 2933 1324 3028 „Qtll
1353 2948 1483 3027 regunt
1510 2939 1727 3030 respublicas
1758 2949 1794 3006 ei
1824 2934 1946 3006 tellent
1972 2927 2087 3012 digni·
2204 3028 2208 3037 Ι

168 3110 252 3163 xus
280 3107 334 3176 [m
361 3109 428 3160 ress
455 3040 695 3172 milonem
712 3103 761 3154 eser
829 3103 892 3152 nto
1511 3051 1614 3125 ‘³²⁰⁸’

253 3147 260 3162 ·
336 3145 343 3160 .
428 3144 435 3158 .
510 3145 517 3158 .
776 3114 827 3164 pro
893 3111 916 3154 r.

167 3173 520 3245 immorerentur]
545 3171 827 3234 cotoneorum:
843 3171 925 3232 mos,
942 3165 989 3229 qn
1005 3176 1050 3218 ee
1154 3137 1277 3220 „Sunt
1289 3138 1506 3212 infestissimi
1523 3140 1737 3236 aemulisll).
1818 3173 1822 3184 ,

476 3244 617 3295 crearunt.
1235 3238 1244 3256 ·
1488 3243 1496 3260 ·
1789 3241 1798 3258 ·
2171 3235 2178 3240 ·

170 3315 261 3370 xotl.
286 3313 329 3384 [in
347 3314 398 3365 ltu
418 3313 494 3365 lbbss.
512 3313 564 3363 boo
580 3319 679 3361 nonen
697 3305 800 3375 deest]
828 3307 922 3359 liltem
944 3303 1050 3354 babens
1153 3236 1309 3314 vemens
1351 3266 1448 3320 vem
1485 3267 1523 3311 ¹⁰
1557 3245 1713 3363 ,dmum
1753 3243 1907 3360 ‘lhmm
1947 3233 2084 3300 advena

477 3383 545 3434 nso.
1103 3403 1124 3436 z
1331 3379 1337 3388 ·
1513 3359 1664 3418 existens

167 3453 231 3504 Ion.
251 3453 337 3503 Solve
352 3451 435 3516 milri,
453 3463 470 3503 o
488 3451 578 3515 peter.
1106 3469 1311 3504 ----7

168 3522 261 3574 Xutle.
278 3523 397 3573 (iratum
412 3518 563 3583 aureolum
580 3514 685 3580 acurio
702 3517 763 3568 boo.
1650 3556 1653 3566 ,

167 3589 231 3643 lore.
248 3589 286 3640 nt
303 3589 436 3640 bodierm
453 3587 524 3639 elles.
706 3585 710 3596 '
1136 3575 1187 3635 68)
1205 3575 1367 3638 imbecillis]
1389 3577 1457 3629 bueo
1473 3589 1528 3630 vox
1552 3579 1580 3630 ln
1602 3589 1688 3643 marg.
1706 3580 1757 3632 lte.
1777 3575 1852 3627 lotii.
1871 3567 2046 3632 exsultentur:¹
2060 3562 2089 3612 lo

171 3660 263 3712 xus.
281 3658 396 3708 lientunr
413 3668 457 3706 rue
473 3654 548 3706 iecit.
1171 3649 1233 3712 est,
1249 3645 1386 3710 privetur.
1748 3647 1754 3662 '

170 3727 231 3780 iou.
262 3725 520 3790 ocum-meter,
548 3720 659 3840 mim
684 3718 767 3772 etiem
794 3719 822 3768 et
844 3719 920 3770 tuum
952 3715 1050 3768 videbo
1135 3713 1187 3833 0ῦὲ
1205 3717 1239 3769 ll.
1253 3713 1274 3768 l.
1293 3717 1320 3766 ln
1333 3715 1385 3832 fid.
1395 3715 1474 3830 [reon
1493 3718 1560 3766 note
1576 3727 1681 3778 mora:
1699 3716 1740 3765 Ao
1760 3708 1953 3774 rempubllcenr
1972 3715 2004 3753 se
2020 3711 2089 3751 oon·

476 3803 525 3844 oor
543 3799 578 3840 us
1182 3796 1245 3834 erre
1299 3793 1361 3833 nee
1379 3786 1424 3832 st.

171 3865 249 3916 ltuno
265 3863 345 3932 euplo
362 3867 392 3915 te
406 3861 502 3978 rengisi
514 3803 594 3978 'zell'
618 3859 717 3923 mter,
743 3865 919 3922 roseumque
942 3853 1052 3908 tentem
1136 3796 1471 3972 wlttlfflllonlfflm
1486 3873 1521 3888 ··
1537 3850 1664 3904 muniis.
1687 3854 1746 3912 (vs.
1759 3843 1946 3903 bet-⁶063]
1974 3838 2015 3891 ⁵¹0
2037 3835 2088 3890 Μ·

476 3942 518 3980 ss
585 3937 643 3978 ere.
841 3935 845 3942 ·
1258 3934 1267 3984 ι
1329 3955 1336 3970 .
1427 3933 1449 3970 ,ι

170 4005 225 4056 lei
242 4003 366 4056 torosos
384 4001 492 4050 mortun
509 4008 557 4060 es,
575 4005 627 4046 nos
645 4004 714 4046 vero
732 4004 787 4044 non
806 4003 958 4055 possumus.
1204 3987 1268 4041 lon.
1285 3985 1375 4050 „lton
1392 3997 1448 4037 uun
1464 3989 1611 4052 seriemque
1626 3986 1756 4040 molestie
1772 3988 1817 4038 est
1833 3993 1937 4045 rerum,

168 4071 256 4126 citor.
273 4072 435 4122 communes
452 4067 559 4130 nollem
576 4065 717 4115 domorum
735 4061 891 4113 lelieltstes.
1206 4053 1399 4128 „eburnam
1415 4056 1444 4105 et
1460 4057 1658 4120 praesentiunt.

170 4143 226 4192 sed
243 4145 335 4191 temen
353 4137 436 4188 etium
453 4135 587 4186 dominum
606 4142 675 4196 erge
690 4131 795 4184 llberos
813 4129 920 4182 felicem
938 4143 1004 4181 esse
1204 4126 1265 4191 Ego
1282 4125 1359 4174 certe
1375 4125 1446 4176 beno
1462 4125 1573 4191 quislem
1589 4126 1729 4178 tortunen
1745 4122 1907 4188 mutentur,

171 4212 323 4273 cuperem,
342 4203 371 4258 et'
387 4206 484 4256 domus
502 4201 657 4254 Erechthei.
1204 4193 1333 4246 emnem
1350 4194 1378 4244 te
1395 4192 1556 4312 Ἢοιιίιιιις
1573 4194 1623 4246 set
1641 4191 1792 4260 te'qollrns
1807 4188 1937 4256 oogitem,

171 4278 263 4330 Xutb.
283 4277 306 4328 0
324 4274 382 4338 nli,
400 4274 436 4324 ed
452 4276 527 4325 tuem
544 4271 652 4334 quidem
668 4269 855 4320 inventionem
873 4267 947 4318 Deus
1205 4261 1286 4314 nuti.
1318 4261 1392 4312 iisse
1438 4266 1503 4315 cunt
1519 4263 1681 4330 aborigines
1796 4260 1799 4270 “

168 4348 254 4398 lteote
272 4343 417 4403 ludlosrlt,
436 4345 464 4392 et
480 4340 617 4392 conmisit
633 4338 698 4388 mill
715 4341 753 4390 te.
1205 4331 1333 4395 inclytus
1350 4329 1489 4397 stiores,
1508 4345 1566 4385 nou
1584 4332 1695 4384 elluntle
1712 4331 1859 4386 sennenn
1877 4337 1975 4394 genus,

168 4416 262 4476 l'nqne
279 4409 403 4462 vicissim
421 4410 586 4461 couterino
602 4406 753 4472 invenisti,
771 4407 901 4456 nesciens
918 4407 1009 4456 entes.
1206 4399 1251 4452 Ati
1267 4409 1336 4466 quse
1352 4410 1397 4450 ne
1413 4399 1553 4454 cometen
1570 4401 1640 4452 turs
1656 4402 1735 4454 lebes
1751 4402 1867 4463 lebeus,

168 4485 213 4535 All
231 4481 302 4546 quot
319 4491 387 4530 sero
410 4479 526 4530 effeetus
545 4490 577 4529 es
595 4478 685 4543 recte,
709 4476 745 4527 et
761 4477 813 4528 lroo
830 4475 912 4525 etiem
931 4487 973 4524 me
996 4474 1051 4526 lert
1205 4468 1243 4520 lit
1259 4466 1349 4531 petris
1366 4467 1488 4536 sirene,
1507 4471 1614 4534 etipse
1631 4470 1754 4522 existens
1772 4468 1893 4534 spurius.

478 4546 652 4610 resitetiam,
1206 4539 1243 4588 ltt
1260 4537 1312 4588 boo
1327 4538 1455 4600 probrum
1473 4539 1593 4606 hebens,
1610 4539 1754 4592 innectitis
1772 4540 1879 4604 quinem
1897 4535 2031 4596 existens,

170 4621 208 4670 ut
225 4621 325 4686 tuque,
343 4630 360 4671 o
378 4617 433 4686 nl,
451 4617 567 4666 uentrem
582 4612 710 4664 invenies
728 4614 815 4676 tuem,
1205 4605 1314 4656 Nullius
1331 4605 1413 4667 pretii
1432 4608 1460 4656 et
1477 4607 1543 4658 nllrll
1562 4607 1687 4660 existens
1706 4609 1835 4659 voesbor.

171 4689 209 4739 Bt
221 4695 296 4756 ego,
314 4701 349 4740 ex
367 4698 420 4752 qus
435 4685 500 4736 mlii
517 4677 631 4733 muliere
647 4683 730 4730 nctus
748 4679 798 4730 sis.
1208 4673 1267 4741 „sl
1283 4683 1353 4724 vero
1368 4674 1403 4724 sn
1420 4675 1536 4737 primunr
1553 4677 1676 4728 clrltetls
1693 4675 1862 4727 eonteuoens
1879 4670 2013 4734 orrllnem,

172 4758 299 4821 reuporl
314 4767 385 4808 sero
401 4753 600 4816 eoncedentes,
618 4750 743 4800 tortusue
757 4747 956 4818 invenerimus.
1208 4741 1358 4808 „conotus
1375 4754 1444 4793 vero
1460 4744 1561 4806 uliquis
1581 4756 1662 4808 esse,
1680 4755 1699 4794 e
1716 4741 1886 4793 tenuioribus

169 4825 276 4876 verum
293 4825 453 4889 relinquens
471 4819 520 4870 Del
538 4820 684 4882 murelum,
702 4819 730 4867 et
747 4815 859 4868 exilium
878 4820 963 4884 tuum,
1206 4809 1304 4876 „onio
1321 4809 1496 4874 hebebimnm
1515 4810 1612 4861 orllose
1629 4810 1701 4862 enlm
1719 4810 1886 4874 potentiore.

170 4895 294 4945 Attienus
312 4895 339 4958 l,
357 4890 535 4944 consentiens
553 4887 637 4952 petri,
1206 4878 1287 4948 „in
1303 4887 1372 4928 vero
1390 4875 1452 4926 troni
1470 4880 1499 4926 et
1516 4879 1656 4940 sepientes
1667 4877 1802 4930 ,volentes
1819 4891 1882 4928 esse

170 4964 223 5013 Ubi
240 4965 270 5013 te
288 4965 394 5015 beatum
412 4960 519 5025 quidem
536 4957 677 5020 sessum
694 4957 821 5017 montet
838 4953 938 5017 putris,
1206 4948 1353 5014 ‚,l⁴scent,
1371 4955 1460 5006 neque
1479 4949 1648 5013 contendunt
1665 4948 1701 4998 nti
1718 4947 1923 5010 rempublicam,

171 5032 208 5084 tlt
224 5030 352 5097 ingentes
371 5029 493 5082 diritius.
528 5026 621 5090 lisque
638 5024 757 5074 alterum
774 5024 904 5074 leboreus
1206 5049 1225 5082 „
1235 5014 1331 5066 ltisum
1348 5012 1423 5064 inter
1439 5011 1517 5076 ipsos
1535 5017 1564 5066 et
1580 5016 1726 5067 stultitiam
1744 5015 1868 5080 cupient

171 5099 215 5150 Ex
232 5099 338 5151 «luobus
356 5097 501 5152 vocaberis
520 5092 668 5159 ignobilis,
685 5101 843 5156 pauperque
859 5091 948 5143 simol.
1207 5083 1295 5148 „Non
1311 5079 1456 5144 qulesoens
1472 5081 1500 5131 in
1518 5081 1632 5134 olvltete
1650 5085 1757 5136 timoris
1774 5085 1863 5146 pleon.

172 5169 227 5218 seo
244 5167 361 5230 nobilis,
380 5167 408 5216 et
425 5166 550 5226 locuples
567 5162 736 5212 iscultstnrn.
1205 5151 1352 5217 „limeum
1370 5151 1399 5200 et
1416 5151 1604 5215 prooemium,
1623 5156 1652 5202 et
1669 5153 1804 5208 utentium
1823 5152 1964 5216 republica

171 5231 280 5289 tmesi
311 5234 374 5300 qnid
404 5235 507 5284 terrem
536 5243 637 5282 versus
667 5228 775 5279 oculum
805 5231 879 5278 mnu
903 5227 1051 5278 demissum
1206 5219 1276 5286 „nd
1293 5216 1456 5284 dignitatem
1469 5229 1633 5286 emergens,
1654 5223 1718 5283 plns
1734 5223 1909 5274 obserrnbor

478 5293 584 5352 benni
1206 5285 1365 5355 „Gelonlm
1400 5285 1447 5336 sic
1464 5287 1535 5337 enlm
1556 5288 1639 5354 bueo,
1657 5299 1673 5339 o
1691 5293 1791 5355 pater,
1810 5291 1887 5344 nunt.

171 5375 214 5424 Ab
230 5385 314 5426 meu
331 5381 399 5426 vero
413 5368 523 5420 venisti.
557 5369 600 5418 Er
614 5364 717 5431 genito
731 5375 800 5414 rere
1207 5352 1288 5423 „oui
1304 5353 1430 5408 eirltetes
1447 5357 1566 5417 babent,
1585 5359 1613 5406 et
1630 5358 1695 5408 sont
1713 5359 1741 5410 ln
1763 5359 1908 5427 llgnlme,

170 5445 271 5496 iterun
288 5434 720 5504 numerumnunerum
734 5433 817 5497 petri.
1072 5475 1074 5481 ,
1199 5421 1296 5492 „suls
1314 5422 1432 5478 omnir
1450 5427 1517 5478 suut
1532 5423 1725 5484 inlnlolssinl.

2114 2177 2137 2218 ἱ
