<?xml version="1.0" encoding="UTF-8"?>
<!DOCTYPE html PUBLIC "-//W3C//DTD XHTML 1.0 Transitional//EN"
    "http://www.w3.org/TR/xhtml1/DTD/xhtml1-transitional.dtd">
<html xmlns="http://www.w3.org/1999/xhtml" xml:lang="en" lang="en">
 <head>
  <title>
</title>
<meta http-equiv="Content-Type" content="text/html;charset=utf-8" />
  <meta name='ocr-system' content='tesseract 3.04.00' />
  <meta name='ocr-capabilities' content='ocr_page ocr_carea ocr_par ocr_line ocrx_word'/>
</head>
<body>
  <div class='ocr_page' id='page_1' title='image "./corpusreformato17melagoog/corpusreformato17melagoog_0481.png"; bbox 0 0 4600 5804; ppageno 0'>
   <div class='ocr_carea' id='block_1_1' title="bbox 205 147 2236 314">
    <p class='ocr_par' dir='ltr' id='par_1_1' title="bbox 205 147 2236 314">
     <span class='ocr_line' id='line_1_1' title="bbox 205 147 2236 314; baseline -0.024 -22"><span class='ocrx_word' id='word_1_1' title='bbox 205 237 279 314; x_wconf 79' lang='lat' dir='ltr'><strong>on</strong></span> <span class='ocrx_word' id='word_1_2' title='bbox 782 199 906 274; x_wconf 80' lang='grc'><strong>000..</strong></span> <span class='ocrx_word' id='word_1_3' title='bbox 940 197 1056 274; x_wconf 76' lang='lat' dir='ltr'><strong>urs.</strong></span> <span class='ocrx_word' id='word_1_4' title='bbox 1086 193 1288 270; x_wconf 71' lang='lat' dir='ltr'><strong>scatere</strong></span> <span class='ocrx_word' id='word_1_5' title='bbox 1320 187 1658 264; x_wconf 77' lang='grc'><strong>0000000000.</strong></span> <span class='ocrx_word' id='word_1_6' title='bbox 1791 147 1796 154; x_wconf 81' lang='grc'><strong>’</strong></span> <span class='ocrx_word' id='word_1_7' title='bbox 2153 196 2236 272; x_wconf 72' lang='lat' dir='ltr'><strong>sss</strong></span> 
     </span>
    </p>
   </div>
   <div class='ocr_carea' id='block_1_2' title="bbox 212 361 2239 486">
    <p class='ocr_par' dir='ltr' id='par_1_2' title="bbox 212 361 2239 486">
     <span class='ocr_line' id='line_1_2' title="bbox 212 361 2239 486; baseline -0.034 0"><span class='ocrx_word' id='word_1_8' title='bbox 212 409 287 486; x_wconf 86' lang='grc'><strong>700</strong></span> <span class='ocrx_word' id='word_1_9' title='bbox 309 399 373 474; x_wconf 80' lang='lat' dir='ltr'><strong>Est</strong></span> <span class='ocrx_word' id='word_1_10' title='bbox 387 393 482 466; x_wconf 88' lang='lat' dir='ltr'><strong>enim</strong></span> <span class='ocrx_word' id='word_1_11' title='bbox 497 385 586 460; x_wconf 87' lang='lat' dir='ltr'><strong>baec</strong></span> <span class='ocrx_word' id='word_1_12' title='bbox 602 379 794 454; x_wconf 85' lang='lat' dir='ltr'><strong>domestica</strong></span> <span class='ocrx_word' id='word_1_13' title='bbox 811 372 1049 448; x_wconf 80' lang='lat' dir='ltr'><strong>commoratio</strong></span> <span class='ocrx_word' id='word_1_14' title='bbox 1067 369 1194 464; x_wconf 87' lang='lat' dir='ltr'><strong>turpis,</strong></span> <span class='ocrx_word' id='word_1_15' title='bbox 1247 361 1322 440; x_wconf 79' lang='grc'><strong>705</strong></span> <span class='ocrx_word' id='word_1_16' title='bbox 1351 368 1445 438; x_wconf 72' lang='lat' dir='ltr'><strong>Fam·</strong></span> <span class='ocrx_word' id='word_1_17' title='bbox 1467 361 1582 434; x_wconf 84' lang='lat' dir='ltr'><strong>Video</strong></span> <span class='ocrx_word' id='word_1_18' title='bbox 1607 361 1749 458; x_wconf 88' lang='lat' dir='ltr'><strong>quidem</strong></span> <span class='ocrx_word' id='word_1_19' title='bbox 1772 375 1806 433; x_wconf 90' lang='lat' dir='ltr'><strong>tc</strong></span> <span class='ocrx_word' id='word_1_20' title='bbox 1829 362 1895 434; x_wconf 89' lang='lat' dir='ltr'><strong>tibi</strong></span> <span class='ocrx_word' id='word_1_21' title='bbox 1919 366 2090 476; x_wconf 56' lang='grc' dir='ltr'><strong>0010ὶῦ)</strong></span> <span class='ocrx_word' id='word_1_22' title='bbox 2113 369 2239 462; x_wconf 60' lang='lat' dir='ltr'><strong>potius</strong></span> 
     </span>
    </p>
   </div>
   <div class='ocr_carea' id='block_1_3' title="bbox 265 465 2185 662">
    <p class='ocr_par' dir='ltr' id='par_1_3' title="bbox 265 465 2185 662">
     <span class='ocr_line' id='line_1_3' title="bbox 265 465 1837 591; baseline -0.024 -15"><span class='ocrx_word' id='word_1_23' title='bbox 265 507 365 582; x_wconf 78' lang='lat' dir='ltr'><strong>Alios</strong></span> <span class='ocrx_word' id='word_1_24' title='bbox 388 515 574 591; x_wconf 77' lang='lat' dir='ltr'><strong>pugnare,</strong></span> <span class='ocrx_word' id='word_1_25' title='bbox 610 485 699 556; x_wconf 88' lang='lat' dir='ltr'><strong>alios</strong></span> <span class='ocrx_word' id='word_1_26' title='bbox 741 492 890 575; x_wconf 89' lang='lat' dir='ltr'><strong>propter</strong></span> <span class='ocrx_word' id='word_1_27' title='bbox 923 491 1057 548; x_wconf 90' lang='lat' dir='ltr'><strong>metum</strong></span> <span class='ocrx_word' id='word_1_28' title='bbox 1097 473 1196 544; x_wconf 90' lang='lat' dir='ltr'><strong>domi</strong></span> <span class='ocrx_word' id='word_1_29' title='bbox 1658 465 1837 539; x_wconf 84' lang='lat' dir='ltr'><strong>festinare.</strong></span> 
     </span>
     <span class='ocr_line' id='line_1_4' title="bbox 629 562 2185 662; baseline -0.002 -17"><span class='ocrx_word' id='word_1_30' title='bbox 629 609 788 658; x_wconf 67' lang='lat' dir='ltr'><strong>manere,</strong></span> <span class='ocrx_word' id='word_1_31' title='bbox 1295 572 1359 641; x_wconf 89' lang='grc'><strong>101.</strong></span> <span class='ocrx_word' id='word_1_32' title='bbox 1383 567 1452 640; x_wconf 86' lang='lat' dir='ltr'><strong>Sed</strong></span> <span class='ocrx_word' id='word_1_33' title='bbox 1467 580 1507 638; x_wconf 90' lang='lat' dir='ltr'><strong>tu</strong></span> <span class='ocrx_word' id='word_1_34' title='bbox 1519 562 1588 638; x_wconf 91' lang='lat' dir='ltr'><strong>hoc</strong></span> <span class='ocrx_word' id='word_1_35' title='bbox 1604 566 1716 652; x_wconf 88' lang='lat' dir='ltr'><strong>dices,</strong></span> <span class='ocrx_word' id='word_1_36' title='bbox 1737 570 1883 662; x_wconf 90' lang='lat' dir='ltr'><strong>quando</strong></span> <span class='ocrx_word' id='word_1_37' title='bbox 1897 579 1955 639; x_wconf 82' lang='lat' dir='ltr'><strong>rite</strong></span> <span class='ocrx_word' id='word_1_38' title='bbox 1968 571 2019 641; x_wconf 88' lang='lat' dir='ltr'><strong>ibi</strong></span> <span class='ocrx_word' id='word_1_39' title='bbox 2035 573 2185 646; x_wconf 88' lang='lat' dir='ltr'><strong>videbis.</strong></span> 
     </span>
    </p>
   </div>
   <div class='ocr_carea' id='block_1_4' title="bbox 220 669 2250 1813">
    <p class='ocr_par' dir='ltr' id='par_1_4' title="bbox 220 669 2250 1813">
     <span class='ocr_line' id='line_1_5' title="bbox 269 669 2242 790; baseline -0.015 -15"><span class='ocrx_word' id='word_1_40' title='bbox 269 691 366 790; x_wconf 64' lang='lat' dir='ltr'><strong>chor.</strong></span> <span class='ocrx_word' id='word_1_41' title='bbox 389 703 511 773; x_wconf 87' lang='lat' dir='ltr'><strong>Tuum</strong></span> <span class='ocrx_word' id='word_1_42' title='bbox 532 693 691 764; x_wconf 90' lang='lat' dir='ltr'><strong>animum</strong></span> <span class='ocrx_word' id='word_1_43' title='bbox 707 688 872 759; x_wconf 88' lang='lat' dir='ltr'><strong>nondum</strong></span> <span class='ocrx_word' id='word_1_44' title='bbox 885 680 1012 754; x_wconf 89' lang='lat' dir='ltr'><strong>sternit</strong></span> <span class='ocrx_word' id='word_1_45' title='bbox 1026 693 1183 771; x_wconf 89' lang='lat' dir='ltr'><strong>tempns;</strong></span> <span class='ocrx_word' id='word_1_46' title='bbox 1298 674 1392 744; x_wconf 76' lang='lat' dir='ltr'><strong>Fam.</strong></span> <span class='ocrx_word' id='word_1_47' title='bbox 1426 669 1522 763; x_wconf 82' lang='lat' dir='ltr'><strong>Quid</strong></span> <span class='ocrx_word' id='word_1_48' title='bbox 1548 669 1676 746; x_wconf 84' lang='lat' dir='ltr'><strong>videbo</strong></span> <span class='ocrx_word' id='word_1_49' title='bbox 1698 681 1734 739; x_wconf 89' lang='lat' dir='ltr'><strong>te</strong></span> <span class='ocrx_word' id='word_1_50' title='bbox 1763 671 1976 742; x_wconf 79' lang='lat' dir='ltr'><strong>facientem?</strong></span> <span class='ocrx_word' id='word_1_51' title='bbox 2005 689 2173 768; x_wconf 86' lang='lat' dir='ltr'><strong>optarem</strong></span> <span class='ocrx_word' id='word_1_52' title='bbox 2203 691 2242 748; x_wconf 86' lang='lat' dir='ltr'><strong>te</strong></span> 
     </span>
     <span class='ocr_line' id='line_1_6' title="bbox 267 772 2198 887; baseline -0.022 0"><span class='ocrx_word' id='word_1_53' title='bbox 267 817 334 887; x_wconf 89' lang='lat' dir='ltr'><strong>Sed</strong></span> <span class='ocrx_word' id='word_1_54' title='bbox 350 824 431 880; x_wconf 89' lang='lat' dir='ltr'><strong>tuus</strong></span> <span class='ocrx_word' id='word_1_55' title='bbox 448 799 589 870; x_wconf 91' lang='lat' dir='ltr'><strong>animus</strong></span> <span class='ocrx_word' id='word_1_56' title='bbox 603 794 718 884; x_wconf 82' lang='lat' dir='ltr'><strong>viget,</strong></span> <span class='ocrx_word' id='word_1_57' title='bbox 738 786 867 881; x_wconf 84' lang='lat' dir='ltr'><strong>corpus</strong></span> <span class='ocrx_word' id='word_1_58' title='bbox 882 784 1085 856; x_wconf 80' lang='lat' dir='ltr'><strong>evanidam.</strong></span> <span class='ocrx_word' id='word_1_59' title='bbox 1557 861 1561 874; x_wconf 51' lang='lat'>‚</span> <span class='ocrx_word' id='word_1_60' title='bbox 1663 772 1785 842; x_wconf 86' lang='lat' dir='ltr'><strong>videre</strong></span> <span class='ocrx_word' id='word_1_61' title='bbox 1800 775 1947 845; x_wconf 80' lang='lat' dir='ltr'><strong>feliciter</strong></span> <span class='ocrx_word' id='word_1_62' title='bbox 1963 793 2198 869; x_wconf 84' lang='lat' dir='ltr'><strong>pugnantem.</strong></span> 
     </span>
     <span class='ocr_line' id='line_1_7' title="bbox 249 869 2245 1012; baseline -0.018 -24"><span class='ocrx_word' id='word_1_63' title='bbox 249 916 366 1012; x_wconf 55' lang='lat' dir='ltr'><strong>&#39;Quid</strong></span> <span class='ocrx_word' id='word_1_64' title='bbox 381 911 512 980; x_wconf 82' lang='lat' dir='ltr'><strong>trustra</strong></span> <span class='ocrx_word' id='word_1_65' title='bbox 528 894 696 968; x_wconf 86' lang='lat' dir='ltr'><strong>laboras?</strong></span> <span class='ocrx_word' id='word_1_66' title='bbox 716 915 808 986; x_wconf 90' lang='lat' dir='ltr'><strong>quae</strong></span> <span class='ocrx_word' id='word_1_67' title='bbox 823 889 887 960; x_wconf 91' lang='lat' dir='ltr'><strong>tibi</strong></span> <span class='ocrx_word' id='word_1_68' title='bbox 904 887 1097 968; x_wconf 89' lang='lat' dir='ltr'><strong>nocebunt,</strong></span> <span class='ocrx_word' id='word_1_69' title='bbox 1302 869 1363 946; x_wconf 90' lang='grc'><strong>101.</strong></span> <span class='ocrx_word' id='word_1_70' title='bbox 1400 872 1601 944; x_wconf 88' lang='lat' dir='ltr'><strong>Ferientem</strong></span> <span class='ocrx_word' id='word_1_71' title='bbox 1633 875 1788 970; x_wconf 76' lang='lat' dir='ltr'><strong>aliquem</strong></span> <span class='ocrx_word' id='word_1_72' title='bbox 1811 901 1853 947; x_wconf 82' lang='lat' dir='ltr'><strong>ex</strong></span> <span class='ocrx_word' id='word_1_73' title='bbox 1885 873 2046 952; x_wconf 83' lang='lat' dir='ltr'><strong>hostibus</strong></span> <span class='ocrx_word' id='word_1_74' title='bbox 2078 906 2143 975; x_wconf 89' lang='lat' dir='ltr'><strong>per</strong></span> <span class='ocrx_word' id='word_1_75' title='bbox 2168 886 2245 978; x_wconf 84' lang='lat' dir='ltr'><strong>cly-</strong></span> 
     </span>
     <span class='ocr_line' id='line_1_8' title="bbox 220 990 1781 1105; baseline -0.032 -4"><span class='ocrx_word' id='word_1_76' title='bbox 220 1019 294 1100; x_wconf 88' lang='grc'><strong>705</strong></span> <span class='ocrx_word' id='word_1_77' title='bbox 316 1017 364 1088; x_wconf 83' lang='lat' dir='ltr'><strong>Et</strong></span> <span class='ocrx_word' id='word_1_78' title='bbox 380 1029 507 1105; x_wconf 88' lang='lat' dir='ltr'><strong>parum</strong></span> <span class='ocrx_word' id='word_1_79' title='bbox 524 999 870 1080; x_wconf 82' lang='lat' dir='ltr'><strong>iuvabuntnostram</strong></span> <span class='ocrx_word' id='word_1_80' title='bbox 888 990 1086 1066; x_wconf 64' lang='lat' dir='ltr'><strong>civitatem</strong></span> <span class='ocrx_word' id='word_1_81' title='bbox 1662 1002 1781 1068; x_wconf 88' lang='lat' dir='ltr'><strong>peum.</strong></span> 
     </span>
     <span class='ocr_line' id='line_1_9' title="bbox 271 1077 2246 1215; baseline -0.017 -24"><span class='ocrx_word' id='word_1_82' title='bbox 271 1125 425 1215; x_wconf 88' lang='lat' dir='ltr'><strong>Oportet</strong></span> <span class='ocrx_word' id='word_1_83' title='bbox 444 1123 480 1178; x_wconf 91' lang='lat' dir='ltr'><strong>te</strong></span> <span class='ocrx_word' id='word_1_84' title='bbox 501 1115 650 1198; x_wconf 90' lang='lat' dir='ltr'><strong>propter</strong></span> <span class='ocrx_word' id='word_1_85' title='bbox 673 1109 825 1168; x_wconf 86' lang='lat' dir='ltr'><strong>aetatem</strong></span> <span class='ocrx_word' id='word_1_86' title='bbox 842 1107 941 1165; x_wconf 88' lang='lat' dir='ltr'><strong>tuam</strong></span> <span class='ocrx_word' id='word_1_87' title='bbox 963 1110 1114 1184; x_wconf 79' lang='lat' dir='ltr'><strong>expensa</strong></span> <span class='ocrx_word' id='word_1_88' title='bbox 1135 1084 1201 1152; x_wconf 87' lang='lat' dir='ltr'><strong>im·</strong></span> <span class='ocrx_word' id='word_1_89' title='bbox 1306 1085 1398 1154; x_wconf 73' lang='lat' dir='ltr'><strong>Faus.</strong></span> <span class='ocrx_word' id='word_1_90' title='bbox 1419 1080 1458 1152; x_wconf 87' lang='lat' dir='ltr'><strong>Si</strong></span> <span class='ocrx_word' id='word_1_91' title='bbox 1480 1077 1625 1173; x_wconf 87' lang='lat' dir='ltr'><strong>quidem</strong></span> <span class='ocrx_word' id='word_1_92' title='bbox 1645 1081 1825 1162; x_wconf 87' lang='lat' dir='ltr'><strong>venimus;</strong></span> <span class='ocrx_word' id='word_1_93' title='bbox 1848 1077 1918 1153; x_wconf 91' lang='lat' dir='ltr'><strong>boc</strong></span> <span class='ocrx_word' id='word_1_94' title='bbox 1940 1098 2081 1172; x_wconf 90' lang='lat' dir='ltr'><strong>metuo,</strong></span> <span class='ocrx_word' id='word_1_95' title='bbox 2102 1113 2148 1158; x_wconf 89' lang='lat' dir='ltr'><strong>ne</strong></span> <span class='ocrx_word' id='word_1_96' title='bbox 2164 1113 2246 1159; x_wconf 91' lang='lat' dir='ltr'><strong>non</strong></span> 
     </span>
     <span class='ocr_line' id='line_1_10' title="bbox 439 1182 2093 1286; baseline -0.014 -5"><span class='ocrx_word' id='word_1_97' title='bbox 439 1206 632 1281; x_wconf 84' lang='lat' dir='ltr'><strong>berillitate</strong></span> <span class='ocrx_word' id='word_1_98' title='bbox 648 1212 788 1272; x_wconf 89' lang='lat' dir='ltr'><strong>mutare</strong></span> <span class='ocrx_word' id='word_1_99' title='bbox 804 1195 990 1268; x_wconf 87' lang='lat' dir='ltr'><strong>consilium</strong></span> <span class='ocrx_word' id='word_1_100' title='bbox 1007 1185 1203 1286; x_wconf 80' lang='lat' dir='ltr'><strong>pugnandi,</strong></span> <span class='ocrx_word' id='word_1_101' title='bbox 1664 1182 1702 1251; x_wconf 89' lang='lat' dir='ltr'><strong>in</strong></span> <span class='ocrx_word' id='word_1_102' title='bbox 1718 1196 1880 1276; x_wconf 90' lang='lat' dir='ltr'><strong>tempore</strong></span> <span class='ocrx_word' id='word_1_103' title='bbox 1896 1189 2093 1262; x_wconf 89' lang='lat' dir='ltr'><strong>veniamus.</strong></span> 
     </span>
     <span class='ocr_line' id='line_1_11' title="bbox 263 1279 2250 1398; baseline -0.017 -2"><span class='ocrx_word' id='word_1_104' title='bbox 263 1327 319 1398; x_wconf 87' lang='lat' dir='ltr'><strong>·Et</strong></span> <span class='ocrx_word' id='word_1_105' title='bbox 337 1318 500 1392; x_wconf 81' lang='lat' dir='ltr'><strong>ornittcre</strong></span> <span class='ocrx_word' id='word_1_106' title='bbox 519 1310 578 1380; x_wconf 92' lang='lat' dir='ltr'><strong>illa</strong></span> <span class='ocrx_word' id='word_1_107' title='bbox 596 1302 828 1398; x_wconf 86' lang='lat' dir='ltr'><strong>impossibilia</strong></span> <span class='ocrx_word' id='word_1_108' title='bbox 842 1329 849 1382; x_wconf 90' lang='lat'>;</span> <span class='ocrx_word' id='word_1_109' title='bbox 865 1321 938 1369; x_wconf 88' lang='lat' dir='ltr'><strong>non</strong></span> <span class='ocrx_word' id='word_1_110' title='bbox 955 1309 1007 1368; x_wconf 88' lang='lat' dir='ltr'><strong>est</strong></span> <span class='ocrx_word' id='word_1_111' title='bbox 1022 1289 1204 1388; x_wconf 85' lang='lat' dir='ltr'><strong>possibile,</strong></span> <span class='ocrx_word' id='word_1_112' title='bbox 1257 1283 1331 1354; x_wconf 87' lang='grc'><strong>740</strong></span> <span class='ocrx_word' id='word_1_113' title='bbox 1352 1285 1414 1356; x_wconf 93' lang='grc'><strong>101.</strong></span> <span class='ocrx_word' id='word_1_114' title='bbox 1433 1279 1551 1366; x_wconf 88' lang='lat' dir='ltr'><strong>Proh,</strong></span> <span class='ocrx_word' id='word_1_115' title='bbox 1570 1284 1731 1370; x_wconf 86' lang='lat' dir='ltr'><strong>utinam,</strong></span> <span class='ocrx_word' id='word_1_116' title='bbox 1753 1313 1774 1356; x_wconf 95' lang='grc'><strong>0</strong></span> <span class='ocrx_word' id='word_1_117' title='bbox 1796 1313 1915 1359; x_wconf 87' lang='lat' dir='ltr'><strong>meum</strong></span> <span class='ocrx_word' id='word_1_118' title='bbox 1937 1287 2143 1378; x_wconf 82' lang='lat' dir='ltr'><strong>brachium,</strong></span> <span class='ocrx_word' id='word_1_119' title='bbox 2170 1298 2250 1366; x_wconf 88' lang='lat' dir='ltr'><strong>tale</strong></span> 
     </span>
     <span class='ocr_line' id='line_1_12' title="bbox 272 1391 2165 1512; baseline -0.017 -12"><span class='ocrx_word' id='word_1_120' title='bbox 272 1429 323 1500; x_wconf 93' lang='lat' dir='ltr'><strong>Ut</strong></span> <span class='ocrx_word' id='word_1_121' title='bbox 339 1439 523 1512; x_wconf 84' lang='lat' dir='ltr'><strong>recuperes</strong></span> <span class='ocrx_word' id='word_1_122' title='bbox 537 1414 656 1484; x_wconf 90' lang='lat' dir='ltr'><strong>denuo</strong></span> <span class='ocrx_word' id='word_1_123' title='bbox 672 1430 815 1476; x_wconf 89' lang='lat' dir='ltr'><strong>rursum</strong></span> <span class='ocrx_word' id='word_1_124' title='bbox 833 1405 1064 1473; x_wconf 88' lang='lat' dir='ltr'><strong>iuventutem.</strong></span> <span class='ocrx_word' id='word_1_125' title='bbox 1665 1413 1775 1474; x_wconf 88' lang='lat' dir='ltr'><strong>esses,</strong></span> <span class='ocrx_word' id='word_1_126' title='bbox 1798 1391 1902 1485; x_wconf 89' lang='lat' dir='ltr'><strong>quale</strong></span> <span class='ocrx_word' id='word_1_127' title='bbox 1918 1406 1952 1462; x_wconf 91' lang='lat' dir='ltr'><strong>te</strong></span> <span class='ocrx_word' id='word_1_128' title='bbox 1968 1397 2165 1485; x_wconf 77' lang='lat' dir='ltr'><strong>pubescens</strong></span> 
     </span>
     <span class='ocr_line' id='line_1_13' title="bbox 273 1485 2073 1616; baseline -0.014 -24"><span class='ocrx_word' id='word_1_129' title='bbox 273 1534 348 1606; x_wconf 67' lang='lat' dir='ltr'><strong>Ale.</strong></span> <span class='ocrx_word' id='word_1_130' title='bbox 388 1520 486 1616; x_wconf 86' lang='lat' dir='ltr'><strong>Quid</strong></span> <span class='ocrx_word' id='word_1_131' title='bbox 504 1519 662 1586; x_wconf 86' lang='lat' dir='ltr'><strong>facturus</strong></span> <span class='ocrx_word' id='word_1_132' title='bbox 684 1535 740 1593; x_wconf 90' lang='lat' dir='ltr'><strong>es,</strong></span> <span class='ocrx_word' id='word_1_133' title='bbox 785 1532 864 1576; x_wconf 91' lang='lat' dir='ltr'><strong>cum</strong></span> <span class='ocrx_word' id='word_1_134' title='bbox 895 1527 969 1572; x_wconf 94' lang='lat' dir='ltr'><strong>non</strong></span> <span class='ocrx_word' id='word_1_135' title='bbox 1000 1501 1047 1572; x_wconf 92' lang='lat' dir='ltr'><strong>sis</strong></span> <span class='ocrx_word' id='word_1_136' title='bbox 1076 1493 1206 1567; x_wconf 87' lang='lat' dir='ltr'><strong>mentis</strong></span> <span class='ocrx_word' id='word_1_137' title='bbox 1309 1485 1539 1558; x_wconf 84' lang='lat' dir='ltr'><strong>Meminimus</strong></span> <span class='ocrx_word' id='word_1_138' title='bbox 1554 1511 1637 1572; x_wconf 88' lang='lat' dir='ltr'><strong>nos,</strong></span> <span class='ocrx_word' id='word_1_139' title='bbox 1662 1494 1808 1584; x_wconf 86' lang='lat' dir='ltr'><strong>quando</strong></span> <span class='ocrx_word' id='word_1_140' title='bbox 1823 1518 1902 1564; x_wconf 89' lang='lat' dir='ltr'><strong>cum</strong></span> <span class='ocrx_word' id='word_1_141' title='bbox 1920 1495 2073 1570; x_wconf 86' lang='lat' dir='ltr'><strong>Hercule</strong></span> 
     </span>
     <span class='ocr_line' id='line_1_14' title="bbox 632 1589 2138 1703; baseline -0.006 -21"><span class='ocrx_word' id='word_1_142' title='bbox 632 1607 806 1703; x_wconf 83' lang='lat' dir='ltr'><strong>compos?</strong></span> <span class='ocrx_word' id='word_1_143' title='bbox 1308 1589 1475 1682; x_wconf 75' lang='lat' dir='ltr'><strong>Spartam</strong></span> <span class='ocrx_word' id='word_1_144' title='bbox 1489 1594 1717 1683; x_wconf 77' lang='lat' dir='ltr'><strong>expugnasti,</strong></span> <span class='ocrx_word' id='word_1_145' title='bbox 1739 1595 1787 1666; x_wconf 94' lang='lat' dir='ltr'><strong>sis</strong></span> <span class='ocrx_word' id='word_1_146' title='bbox 1802 1592 1890 1666; x_wconf 86' lang='lat' dir='ltr'><strong>mibi</strong></span> <span class='ocrx_word' id='word_1_147' title='bbox 1906 1599 1986 1670; x_wconf 90' lang='lat' dir='ltr'><strong>talis</strong></span> <span class='ocrx_word' id='word_1_148' title='bbox 2002 1601 2138 1673; x_wconf 90' lang='lat' dir='ltr'><strong>socius:</strong></span> 
     </span>
     <span class='ocr_line' id='line_1_15' title="bbox 224 1691 2016 1813; baseline -0.016 -14"><span class='ocrx_word' id='word_1_149' title='bbox 224 1741 298 1812; x_wconf 85' lang='lat'><strong>710</strong></span> <span class='ocrx_word' id='word_1_150' title='bbox 312 1732 375 1801; x_wconf 84' lang='lat' dir='ltr'><strong>Vis</strong></span> <span class='ocrx_word' id='word_1_151' title='bbox 394 1748 451 1796; x_wconf 91' lang='lat' dir='ltr'><strong>me</strong></span> <span class='ocrx_word' id='word_1_152' title='bbox 467 1720 669 1813; x_wconf 88' lang='lat' dir='ltr'><strong>relinquere</strong></span> <span class='ocrx_word' id='word_1_153' title='bbox 685 1717 859 1784; x_wconf 85' lang='lat' dir='ltr'><strong>desertam</strong></span> <span class='ocrx_word' id='word_1_154' title='bbox 874 1729 954 1776; x_wconf 91' lang='lat' dir='ltr'><strong>cum</strong></span> <span class='ocrx_word' id='word_1_155' title='bbox 971 1703 1046 1776; x_wconf 89' lang='lat' dir='ltr'><strong>istis</strong></span> <span class='ocrx_word' id='word_1_156' title='bbox 1062 1697 1205 1793; x_wconf 84' lang='lat' dir='ltr'><strong>pueris?</strong></span> <span class='ocrx_word' id='word_1_157' title='bbox 1308 1691 1356 1760; x_wconf 91' lang='lat' dir='ltr'><strong>Et</strong></span> <span class='ocrx_word' id='word_1_158' title='bbox 1371 1693 1504 1784; x_wconf 88' lang='lat' dir='ltr'><strong>possim</strong></span> <span class='ocrx_word' id='word_1_159' title='bbox 1522 1695 1658 1764; x_wconf 87' lang='lat' dir='ltr'><strong>efficere</strong></span> <span class='ocrx_word' id='word_1_160' title='bbox 1673 1696 1793 1788; x_wconf 83' lang='lat' dir='ltr'><strong>fugam</strong></span> <span class='ocrx_word' id='word_1_161' title='bbox 1810 1697 2016 1794; x_wconf 86' lang='lat' dir='ltr'><strong>Eurysthei,</strong></span> 
     </span>
    </p>
   </div>
   <div class='ocr_carea' id='block_1_5' title="bbox 276 1795 2252 2011">
    <p class='ocr_par' dir='ltr' id='par_1_5' title="bbox 276 1795 2252 2011">
     <span class='ocr_line' id='line_1_16' title="bbox 276 1795 2187 1912; baseline -0.016 -3"><span class='ocrx_word' id='word_1_162' title='bbox 276 1841 335 1912; x_wconf 91' lang='grc'><strong>101.</strong></span> <span class='ocrx_word' id='word_1_163' title='bbox 383 1828 555 1896; x_wconf 86' lang='lat' dir='ltr'><strong>Virorum</strong></span> <span class='ocrx_word' id='word_1_164' title='bbox 591 1830 642 1890; x_wconf 90' lang='lat' dir='ltr'><strong>est</strong></span> <span class='ocrx_word' id='word_1_165' title='bbox 677 1837 815 1908; x_wconf 84' lang='lat' dir='ltr'><strong>pugna;</strong></span> <span class='ocrx_word' id='word_1_166' title='bbox 861 1809 962 1880; x_wconf 80' lang='lat' dir='ltr'><strong>tu&#39;um</strong></span> <span class='ocrx_word' id='word_1_167' title='bbox 998 1817 1049 1878; x_wconf 89' lang='lat' dir='ltr'><strong>est</strong></span> <span class='ocrx_word' id='word_1_168' title='bbox 1081 1825 1205 1872; x_wconf 78' lang='lat' dir='ltr'><strong>curare</strong></span> <span class='ocrx_word' id='word_1_169' title='bbox 1309 1795 1403 1894; x_wconf 80' lang='lat' dir='ltr'><strong>Quia</strong></span> <span class='ocrx_word' id='word_1_170' title='bbox 1422 1795 1695 1888; x_wconf 82' lang='lat' dir='ltr'><strong>estignavusad</strong></span> <span class='ocrx_word' id='word_1_171' title='bbox 1713 1800 1955 1874; x_wconf 85' lang='lat' dir='ltr'><strong>dimicandum</strong></span> <span class='ocrx_word' id='word_1_172' title='bbox 1975 1806 2013 1875; x_wconf 94' lang='lat' dir='ltr'><strong>in</strong></span> <span class='ocrx_word' id='word_1_173' title='bbox 2032 1809 2187 1898; x_wconf 90' lang='lat' dir='ltr'><strong>proelio.</strong></span> 
     </span>
     <span class='ocr_line' id='line_1_17' title="bbox 639 1892 2252 2011; baseline 0.008 -42"><span class='ocrx_word' id='word_1_174' title='bbox 639 1941 782 2011; x_wconf 62' lang='lat' dir='ltr'><strong>pueros,</strong></span> <span class='ocrx_word' id='word_1_175' title='bbox 1260 1892 1334 1967; x_wconf 80' lang='grc'><strong>745</strong></span> <span class='ocrx_word' id='word_1_176' title='bbox 1361 1897 1507 1981; x_wconf 85' lang='lat' dir='ltr'><strong>„Etiam</strong></span> <span class='ocrx_word' id='word_1_177' title='bbox 1533 1895 1602 1968; x_wconf 91' lang='lat' dir='ltr'><strong>boc</strong></span> <span class='ocrx_word' id='word_1_178' title='bbox 1624 1902 1716 1970; x_wconf 89' lang='lat' dir='ltr'><strong>male</strong></span> <span class='ocrx_word' id='word_1_179' title='bbox 1738 1927 1774 1972; x_wconf 90' lang='lat' dir='ltr'><strong>se</strong></span> <span class='ocrx_word' id='word_1_180' title='bbox 1793 1899 1917 1989; x_wconf 90' lang='lat' dir='ltr'><strong>babet,</strong></span> <span class='ocrx_word' id='word_1_181' title='bbox 1941 1911 2041 2002; x_wconf 91' lang='lat' dir='ltr'><strong>quod</strong></span> <span class='ocrx_word' id='word_1_182' title='bbox 2057 1910 2096 1979; x_wconf 88' lang='lat' dir='ltr'><strong>in</strong></span> <span class='ocrx_word' id='word_1_183' title='bbox 2111 1912 2252 1982; x_wconf 88' lang='lat' dir='ltr'><strong>divitiis</strong></span> 
     </span>
    </p>
   </div>
   <div class='ocr_carea' id='block_1_6' title="bbox 276 2003 2096 2320">
    <p class='ocr_par' dir='ltr' id='par_1_6' title="bbox 276 2003 2096 2320">
     <span class='ocr_line' id='line_1_18' title="bbox 276 2003 1761 2128; baseline -0.038 -13"><span class='ocrx_word' id='word_1_184' title='bbox 276 2044 351 2116; x_wconf 80' lang='lat' dir='ltr'><strong>Ale.</strong></span> <span class='ocrx_word' id='word_1_185' title='bbox 375 2030 472 2128; x_wconf 88' lang='lat' dir='ltr'><strong>Quid</strong></span> <span class='ocrx_word' id='word_1_186' title='bbox 487 2027 515 2099; x_wconf 92' lang='lat' dir='ltr'><strong>si</strong></span> <span class='ocrx_word' id='word_1_187' title='bbox 533 2021 717 2105; x_wconf 89' lang='lat' dir='ltr'><strong>morieris,</strong></span> <span class='ocrx_word' id='word_1_188' title='bbox 733 2014 916 2113; x_wconf 90' lang='lat' dir='ltr'><strong>quomodo</strong></span> <span class='ocrx_word' id='word_1_189' title='bbox 932 2034 998 2101; x_wconf 80' lang='lat' dir='ltr'><strong>ego</strong></span> <span class='ocrx_word' id='word_1_190' title='bbox 1015 2007 1184 2080; x_wconf 81' lang='lat' dir='ltr'><strong>servabar</strong></span> <span class='ocrx_word' id='word_1_191' title='bbox 1191 2004 1207 2073; x_wconf 85' lang='lat'><strong>&#39;?</strong></span> <span class='ocrx_word' id='word_1_192' title='bbox 1669 2003 1761 2074; x_wconf 63' lang='lat' dir='ltr'><strong>inest</strong></span> 
     </span>
     <span class='ocr_line' id='line_1_19' title="bbox 277 2098 2096 2218; baseline -0.014 -11"><span class='ocrx_word' id='word_1_193' title='bbox 277 2146 338 2218; x_wconf 76' lang='grc'><strong>101.</strong></span> <span class='ocrx_word' id='word_1_194' title='bbox 368 2133 546 2207; x_wconf 89' lang='lat' dir='ltr'><strong>Omnibus</strong></span> <span class='ocrx_word' id='word_1_195' title='bbox 576 2122 724 2218; x_wconf 91' lang='lat' dir='ltr'><strong>reliquis</strong></span> <span class='ocrx_word' id='word_1_196' title='bbox 753 2121 821 2191; x_wconf 90' lang='lat' dir='ltr'><strong>erit</strong></span> <span class='ocrx_word' id='word_1_197' title='bbox 851 2139 936 2187; x_wconf 90' lang='lat' dir='ltr'><strong>cura</strong></span> <span class='ocrx_word' id='word_1_198' title='bbox 964 2115 1008 2182; x_wconf 90' lang='lat' dir='ltr'><strong>de</strong></span> <span class='ocrx_word' id='word_1_199' title='bbox 1039 2122 1102 2180; x_wconf 91' lang='lat' dir='ltr'><strong>tuo</strong></span> <span class='ocrx_word' id='word_1_200' title='bbox 1134 2109 1207 2177; x_wconf 85' lang='lat' dir='ltr'><strong>tilio</strong></span> <span class='ocrx_word' id='word_1_201' title='bbox 1312 2098 1533 2196; x_wconf 79' lang='lat' dir='ltr'><strong>„Opinio⁴⁹)</strong></span> <span class='ocrx_word' id='word_1_202' title='bbox 1554 2103 1791 2186; x_wconf 81' lang='lat' dir='ltr'><strong>fortitudinis;</strong></span> <span class='ocrx_word' id='word_1_203' title='bbox 1817 2120 1985 2199; x_wconf 88' lang='lat' dir='ltr'><strong>putamus</strong></span> <span class='ocrx_word' id='word_1_204' title='bbox 2000 2113 2096 2184; x_wconf 89' lang='lat' dir='ltr'><strong>euim</strong></span> 
     </span>
     <span class='ocr_line' id='line_1_20' title="bbox 638 2202 1863 2320; baseline -0.01 -41"><span class='ocrx_word' id='word_1_205' title='bbox 638 2223 758 2320; x_wconf 76' lang='lat' dir='ltr'><strong>Hyllo,</strong></span> <span class='ocrx_word' id='word_1_206' title='bbox 1313 2202 1498 2287; x_wconf 86' lang='lat' dir='ltr'><strong>„Divitem</strong></span> <span class='ocrx_word' id='word_1_207' title='bbox 1516 2205 1636 2272; x_wconf 87' lang='lat' dir='ltr'><strong>omnia</strong></span> <span class='ocrx_word' id='word_1_208' title='bbox 1653 2207 1744 2276; x_wconf 81' lang='lat' dir='ltr'><strong>bene</strong></span> <span class='ocrx_word' id='word_1_209' title='bbox 1762 2207 1863 2280; x_wconf 73' lang='lat' dir='ltr'><strong>scire,</strong></span> 
     </span>
    </p>
   </div>
   <div class='ocr_carea' id='block_1_7' title="bbox 151 2311 2254 2628">
    <p class='ocr_par' dir='ltr' id='par_1_7' title="bbox 151 2311 2254 2628">
     <span class='ocr_line' id='line_1_21' title="bbox 280 2311 1163 2428; baseline -0.051 -11"><span class='ocrx_word' id='word_1_210' title='bbox 280 2350 354 2420; x_wconf 80' lang='lat' dir='ltr'><strong>Alc.</strong></span> <span class='ocrx_word' id='word_1_211' title='bbox 379 2339 416 2412; x_wconf 88' lang='lat' dir='ltr'><strong>Si</strong></span> <span class='ocrx_word' id='word_1_212' title='bbox 434 2348 551 2407; x_wconf 85' lang='lat' dir='ltr'><strong>autern</strong></span> <span class='ocrx_word' id='word_1_213' title='bbox 568 2329 683 2428; x_wconf 89' lang='lat' dir='ltr'><strong>(quod</strong></span> <span class='ocrx_word' id='word_1_214' title='bbox 699 2349 774 2396; x_wconf 91' lang='lat' dir='ltr'><strong>non</strong></span> <span class='ocrx_word' id='word_1_215' title='bbox 786 2318 865 2413; x_wconf 81' lang='lat' dir='ltr'><strong>fiat)</strong></span> <span class='ocrx_word' id='word_1_216' title='bbox 881 2311 1075 2410; x_wconf 82' lang='lat' dir='ltr'><strong>peribunt?</strong></span> <span class='ocrx_word' id='word_1_217' title='bbox 1160 2364 1163 2372; x_wconf 90' lang='lat'>.</span> 
     </span>
     <span class='ocr_line' id='line_1_22' title="bbox 225 2368 1907 2526; baseline -0.04 -6"><span class='ocrx_word' id='word_1_218' title='bbox 225 2451 304 2525; x_wconf 90' lang='grc'><strong>,715</strong></span> <span class='ocrx_word' id='word_1_219' title='bbox 330 2445 392 2518; x_wconf 90' lang='grc'><strong>101.</strong></span> <span class='ocrx_word' id='word_1_220' title='bbox 414 2438 474 2511; x_wconf 88' lang='lat' dir='ltr'><strong>lsti</strong></span> <span class='ocrx_word' id='word_1_221' title='bbox 490 2433 649 2526; x_wconf 85' lang='lat' dir='ltr'><strong>hospites</strong></span> <span class='ocrx_word' id='word_1_222' title='bbox 664 2453 739 2499; x_wconf 93' lang='lat' dir='ltr'><strong>non</strong></span> <span class='ocrx_word' id='word_1_223' title='bbox 754 2423 910 2519; x_wconf 89' lang='lat' dir='ltr'><strong>prodent</strong></span> <span class='ocrx_word' id='word_1_224' title='bbox 922 2433 978 2502; x_wconf 90' lang='lat' dir='ltr'><strong>te,</strong></span> <span class='ocrx_word' id='word_1_225' title='bbox 1001 2441 1046 2486; x_wconf 88' lang='lat' dir='ltr'><strong>ne</strong></span> <span class='ocrx_word' id='word_1_226' title='bbox 1062 2428 1209 2486; x_wconf 85' lang='lat' dir='ltr'><strong>metuas.</strong></span> <span class='ocrx_word' id='word_1_227' title='bbox 1604 2368 1820 2470; x_wconf 57' lang='lat' dir='ltr'><strong>[Sarepta</strong></span> <span class='ocrx_word' id='word_1_228' title='bbox 1849 2377 1907 2478; x_wconf 88' lang='grc'><strong>1.]</strong></span> 
     </span>
     <span class='ocr_line' id='line_1_23' title="bbox 151 2505 2254 2628; baseline 0.007 -57"><span class='ocrx_word' id='word_1_229' title='bbox 151 2564 155 2571; x_wconf 88' lang='grc'><em>,</em></span> <span class='ocrx_word' id='word_1_230' title='bbox 281 2554 356 2625; x_wconf 79' lang='lat' dir='ltr'><strong>Alc.</strong></span> <span class='ocrx_word' id='word_1_231' title='bbox 375 2544 453 2614; x_wconf 88' lang='lat' dir='ltr'><strong>Hoc</strong></span> <span class='ocrx_word' id='word_1_232' title='bbox 468 2553 607 2628; x_wconf 72' lang='grc'><strong>1001010</strong></span> <span class='ocrx_word' id='word_1_233' title='bbox 625 2531 741 2605; x_wconf 91' lang='lat' dir='ltr'><strong>babeo</strong></span> <span class='ocrx_word' id='word_1_234' title='bbox 755 2524 925 2606; x_wconf 87' lang='lat' dir='ltr'><strong>fiduciae,</strong></span> <span class='ocrx_word' id='word_1_235' title='bbox 946 2520 1044 2589; x_wconf 88' lang='lat' dir='ltr'><strong>alind</strong></span> <span class='ocrx_word' id='word_1_236' title='bbox 1058 2514 1160 2588; x_wconf 89' lang='lat' dir='ltr'><strong>nibil.</strong></span> <span class='ocrx_word' id='word_1_237' title='bbox 1316 2510 1414 2582; x_wconf 70' lang='lat' dir='ltr'><strong>caer.</strong></span> <span class='ocrx_word' id='word_1_238' title='bbox 1429 2505 1464 2581; x_wconf 90' lang='grc' dir='ltr'><strong>Ο</strong></span> <span class='ocrx_word' id='word_1_239' title='bbox 1478 2520 1586 2593; x_wconf 91' lang='lat' dir='ltr'><strong>terra,</strong></span> <span class='ocrx_word' id='word_1_240' title='bbox 1603 2533 1624 2578; x_wconf 92' lang='grc' dir='ltr'><strong>ο</strong></span> <span class='ocrx_word' id='word_1_241' title='bbox 1639 2510 1737 2596; x_wconf 86' lang='grc'><strong>1000,</strong></span> <span class='ocrx_word' id='word_1_242' title='bbox 1753 2537 1817 2605; x_wconf 92' lang='lat' dir='ltr'><strong>per</strong></span> <span class='ocrx_word' id='word_1_243' title='bbox 1834 2517 1944 2586; x_wconf 85' lang='lat' dir='ltr'><strong>totam</strong></span> <span class='ocrx_word' id='word_1_244' title='bbox 1960 2531 2103 2591; x_wconf 89' lang='lat' dir='ltr'><strong>noctem</strong></span> <span class='ocrx_word' id='word_1_245' title='bbox 2117 2523 2254 2604; x_wconf 80' lang='lat' dir='ltr'><strong>lucens,</strong></span> 
     </span>
    </p>
   </div>
   <div class='ocr_carea' id='block_1_8' title="bbox 280 2609 1769 2828">
    <p class='ocr_par' dir='ltr' id='par_1_8' title="bbox 280 2609 1769 2828">
     <span class='ocr_line' id='line_1_24' title="bbox 282 2609 1693 2728; baseline -0.031 -1"><span class='ocrx_word' id='word_1_246' title='bbox 282 2655 344 2726; x_wconf 90' lang='grc'><strong>101.</strong></span> <span class='ocrx_word' id='word_1_247' title='bbox 366 2648 412 2718; x_wconf 84' lang='grc' dir='ltr'><strong>Ε1</strong></span> <span class='ocrx_word' id='word_1_248' title='bbox 424 2643 519 2728; x_wconf 90' lang='lat' dir='ltr'><strong>lovi,</strong></span> <span class='ocrx_word' id='word_1_249' title='bbox 544 2640 635 2722; x_wconf 91' lang='lat' dir='ltr'><strong>scio,</strong></span> <span class='ocrx_word' id='word_1_250' title='bbox 658 2645 742 2708; x_wconf 89' lang='lat' dir='ltr'><strong>sunt</strong></span> <span class='ocrx_word' id='word_1_251' title='bbox 760 2651 866 2700; x_wconf 92' lang='lat' dir='ltr'><strong>curae</strong></span> <span class='ocrx_word' id='word_1_252' title='bbox 881 2623 936 2696; x_wconf 92' lang='lat' dir='ltr'><strong>tui</strong></span> <span class='ocrx_word' id='word_1_253' title='bbox 951 2623 1103 2692; x_wconf 88' lang='lat' dir='ltr'><strong>labores.</strong></span> <span class='ocrx_word' id='word_1_254' title='bbox 1314 2609 1361 2678; x_wconf 85' lang='lat' dir='ltr'><strong>Et</strong></span> <span class='ocrx_word' id='word_1_255' title='bbox 1375 2609 1583 2702; x_wconf 84' lang='lat' dir='ltr'><strong>splendores</strong></span> <span class='ocrx_word' id='word_1_256' title='bbox 1596 2613 1693 2698; x_wconf 89' lang='lat' dir='ltr'><strong>solis,</strong></span> 
     </span>
     <span class='ocr_line' id='line_1_25' title="bbox 280 2708 1769 2828; baseline -0.043 24"><span class='ocrx_word' id='word_1_257' title='bbox 280 2757 355 2828; x_wconf 64' lang='lat'><strong>²¹²⁰·</strong></span> <span class='ocrx_word' id='word_1_258' title='bbox 373 2743 485 2819; x_wconf 64' lang='lat' dir='ltr'><strong>th·</strong></span> <span class='ocrx_word' id='word_1_259' title='bbox 1266 2708 1343 2781; x_wconf 85' lang='lat'><strong>750</strong></span> <span class='ocrx_word' id='word_1_260' title='bbox 1363 2709 1769 2802; x_wconf 88' lang='lat' dir='ltr'><strong>Lucenteshominibus,</strong></span> 
     </span>
    </p>
   </div>
   <div class='ocr_carea' id='block_1_9' title="bbox 279 2811 1753 2946">
    <p class='ocr_par' dir='ltr' id='par_1_9' title="bbox 279 2811 1753 2946">
     <span class='ocr_line' id='line_1_26' title="bbox 279 2811 1753 2946; baseline -0.026 -21"><span class='ocrx_word' id='word_1_261' title='bbox 279 2855 357 2946; x_wconf 79' lang='lat' dir='ltr'><strong>Ego</strong></span> <span class='ocrx_word' id='word_1_262' title='bbox 374 2872 449 2920; x_wconf 89' lang='lat' dir='ltr'><strong>non</strong></span> <span class='ocrx_word' id='word_1_263' title='bbox 465 2841 674 2915; x_wconf 88' lang='lat' dir='ltr'><strong>maledicam</strong></span> <span class='ocrx_word' id='word_1_264' title='bbox 692 2832 781 2904; x_wconf 90' lang='lat' dir='ltr'><strong>lovi.</strong></span> <span class='ocrx_word' id='word_1_265' title='bbox 1319 2815 1453 2885; x_wconf 77' lang='lat' dir='ltr'><strong>Afferte</strong></span> <span class='ocrx_word' id='word_1_266' title='bbox 1469 2811 1558 2883; x_wconf 87' lang='lat' dir='ltr'><strong>mibi</strong></span> <span class='ocrx_word' id='word_1_267' title='bbox 1574 2819 1753 2904; x_wconf 88' lang='lat' dir='ltr'><strong>nuntium,</strong></span> 
     </span>
    </p>
   </div>
   <div class='ocr_carea' id='block_1_10' title="bbox 284 2915 1855 3051">
    <p class='ocr_par' dir='ltr' id='par_1_10' title="bbox 284 2915 1855 3051">
     <span class='ocr_line' id='line_1_27' title="bbox 284 2915 1855 3051; baseline -0.023 -22"><span class='ocrx_word' id='word_1_268' title='bbox 284 2955 361 3051; x_wconf 89' lang='lat' dir='ltr'><strong>lpse</strong></span> <span class='ocrx_word' id='word_1_269' title='bbox 376 2950 497 3032; x_wconf 89' lang='lat' dir='ltr'><strong>novit,</strong></span> <span class='ocrx_word' id='word_1_270' title='bbox 519 2946 655 3022; x_wconf 89' lang='lat' dir='ltr'><strong>iustcne</strong></span> <span class='ocrx_word' id='word_1_271' title='bbox 673 2946 755 3029; x_wconf 81' lang='grc'><strong>0301</strong></span> <span class='ocrx_word' id='word_1_272' title='bbox 771 2954 920 3003; x_wconf 88' lang='lat' dir='ltr'><strong>mecum.</strong></span> <span class='ocrx_word' id='word_1_273' title='bbox 1319 2915 1365 2984; x_wconf 90' lang='lat' dir='ltr'><strong>Et</strong></span> <span class='ocrx_word' id='word_1_274' title='bbox 1379 2929 1502 2986; x_wconf 90' lang='lat' dir='ltr'><strong>sonate</strong></span> <span class='ocrx_word' id='word_1_275' title='bbox 1518 2924 1688 3014; x_wconf 88' lang='lat' dir='ltr'><strong>usquead</strong></span> <span class='ocrx_word' id='word_1_276' title='bbox 1704 2923 1855 3007; x_wconf 88' lang='lat' dir='ltr'><strong>coelum,</strong></span> 
     </span>
    </p>
   </div>
   <div class='ocr_carea' id='block_1_11' title="bbox 188 3018 1996 3360">
    <p class='ocr_par' dir='ltr' id='par_1_11' title="bbox 188 3018 1996 3360">
     <span class='ocr_line' id='line_1_28' title="bbox 234 3018 1748 3139; baseline -0.031 -5"><span class='ocrx_word' id='word_1_277' title='bbox 234 3062 308 3139; x_wconf 77' lang='lat'><strong>720</strong></span> <span class='ocrx_word' id='word_1_278' title='bbox 330 3061 424 3132; x_wconf 79' lang='lat' dir='ltr'><strong>Fam.</strong></span> <span class='ocrx_word' id='word_1_279' title='bbox 447 3050 523 3121; x_wconf 86' lang='lat' dir='ltr'><strong>lam</strong></span> <span class='ocrx_word' id='word_1_280' title='bbox 540 3047 640 3116; x_wconf 86' lang='lat' dir='ltr'><strong>vides</strong></span> <span class='ocrx_word' id='word_1_281' title='bbox 656 3049 898 3115; x_wconf 66' lang='lat' dir='ltr'><strong>armaturam</strong></span> <span class='ocrx_word' id='word_1_282' title='bbox 1319 3018 1365 3087; x_wconf 90' lang='lat' dir='ltr'><strong>Et</strong></span> <span class='ocrx_word' id='word_1_283' title='bbox 1378 3020 1423 3087; x_wconf 86' lang='lat' dir='ltr'><strong>ad</strong></span> <span class='ocrx_word' id='word_1_284' title='bbox 1437 3022 1555 3090; x_wconf 90' lang='lat' dir='ltr'><strong>sedem</strong></span> <span class='ocrx_word' id='word_1_285' title='bbox 1573 3023 1720 3113; x_wconf 83' lang='lat' dir='ltr'><strong>regiam,</strong></span> <span class='ocrx_word' id='word_1_286' title='bbox 1745 3021 1748 3028; x_wconf 83' lang='lat'>&#39;</span> 
     </span>
     <span class='ocr_line' id='line_1_29' title="bbox 188 3119 1883 3238; baseline -0.025 2"><span class='ocrx_word' id='word_1_287' title='bbox 188 3222 192 3232; x_wconf 83' lang='lat'><em>.</em></span> <span class='ocrx_word' id='word_1_288' title='bbox 285 3165 353 3236; x_wconf 88' lang='lat' dir='ltr'><strong>Sed</strong></span> <span class='ocrx_word' id='word_1_289' title='bbox 370 3181 445 3229; x_wconf 88' lang='lat' dir='ltr'><strong>non</strong></span> <span class='ocrx_word' id='word_1_290' title='bbox 462 3153 546 3227; x_wconf 88' lang='lat' dir='ltr'><strong>satis</strong></span> <span class='ocrx_word' id='word_1_291' title='bbox 563 3149 633 3220; x_wconf 88' lang='lat' dir='ltr'><strong>cito</strong></span> <span class='ocrx_word' id='word_1_292' title='bbox 648 3156 749 3238; x_wconf 91' lang='lat' dir='ltr'><strong>potes</strong></span> <span class='ocrx_word' id='word_1_293' title='bbox 763 3151 880 3230; x_wconf 80' lang='lat' dir='ltr'><strong>tegere</strong></span> <span class='ocrx_word' id='word_1_294' title='bbox 897 3155 1027 3226; x_wconf 88' lang='lat' dir='ltr'><strong>corpus</strong></span> <span class='ocrx_word' id='word_1_295' title='bbox 1042 3125 1153 3210; x_wconf 90' lang='lat' dir='ltr'><strong>bisce,</strong></span> <span class='ocrx_word' id='word_1_296' title='bbox 1320 3119 1360 3190; x_wconf 95' lang='lat' dir='ltr'><strong>ln</strong></span> <span class='ocrx_word' id='word_1_297' title='bbox 1376 3122 1509 3215; x_wconf 92' lang='lat' dir='ltr'><strong>templo</strong></span> <span class='ocrx_word' id='word_1_298' title='bbox 1526 3123 1669 3214; x_wconf 83' lang='lat' dir='ltr'><strong>glaucae</strong></span> <span class='ocrx_word' id='word_1_299' title='bbox 1688 3128 1883 3200; x_wconf 80' lang='lat' dir='ltr'><strong>Minervae.</strong></span> 
     </span>
     <span class='ocr_line' id='line_1_30' title="bbox 285 3217 1996 3360; baseline -0.023 -23"><span class='ocrx_word' id='word_1_300' title='bbox 285 3267 380 3360; x_wconf 84' lang='lat' dir='ltr'><strong>Quia</strong></span> <span class='ocrx_word' id='word_1_301' title='bbox 399 3279 517 3353; x_wconf 83' lang='lat' dir='ltr'><strong>pugna</strong></span> <span class='ocrx_word' id='word_1_302' title='bbox 534 3274 647 3348; x_wconf 91' lang='lat' dir='ltr'><strong>prope</strong></span> <span class='ocrx_word' id='word_1_303' title='bbox 664 3259 734 3329; x_wconf 91' lang='lat' dir='ltr'><strong>est,</strong></span> <span class='ocrx_word' id='word_1_304' title='bbox 757 3255 792 3311; x_wconf 88' lang='lat' dir='ltr'><strong>et</strong></span> <span class='ocrx_word' id='word_1_305' title='bbox 807 3239 961 3310; x_wconf 85' lang='lat' dir='ltr'><strong>maxime</strong></span> <span class='ocrx_word' id='word_1_306' title='bbox 979 3234 1077 3304; x_wconf 90' lang='lat' dir='ltr'><strong>Mars</strong></span> <span class='ocrx_word' id='word_1_307' title='bbox 1092 3227 1168 3302; x_wconf 90' lang='lat' dir='ltr'><strong>odit</strong></span> <span class='ocrx_word' id='word_1_308' title='bbox 1270 3217 1345 3294; x_wconf 88' lang='grc'><strong>755</strong></span> <span class='ocrx_word' id='word_1_309' title='bbox 1369 3222 1565 3295; x_wconf 88' lang='lat' dir='ltr'><strong>Discutiam</strong></span> <span class='ocrx_word' id='word_1_310' title='bbox 1582 3229 1778 3318; x_wconf 84' lang='lat' dir='ltr'><strong>periculum</strong></span> <span class='ocrx_word' id='word_1_311' title='bbox 1796 3257 1885 3301; x_wconf 83' lang='lat' dir='ltr'><strong>cano</strong></span> <span class='ocrx_word' id='word_1_312' title='bbox 1900 3235 1996 3303; x_wconf 81' lang='lat' dir='ltr'><strong>ferro</strong></span> 
     </span>
    </p>
   </div>
   <div class='ocr_carea' id='block_1_12' title="bbox 250 3326 1653 3557">
    <p class='ocr_par' dir='ltr' id='par_1_12' title="bbox 250 3326 1653 3557">
     <span class='ocr_line' id='line_1_31' title="bbox 250 3326 1610 3440; baseline -0.034 1"><span class='ocrx_word' id='word_1_313' title='bbox 250 3405 264 3418; x_wconf 89' lang='lat'><strong>·</strong></span> <span class='ocrx_word' id='word_1_314' title='bbox 289 3369 543 3440; x_wconf 66' lang='lat' dir='ltr'><strong>Cunctantem</strong></span> <span class='ocrx_word' id='word_1_315' title='bbox 566 3355 596 3426; x_wconf 94' lang='lat' dir='ltr'><strong>si</strong></span> <span class='ocrx_word' id='word_1_316' title='bbox 610 3348 739 3420; x_wconf 88' lang='lat' dir='ltr'><strong>metuis</strong></span> <span class='ocrx_word' id='word_1_317' title='bbox 756 3343 897 3436; x_wconf 88' lang='lat' dir='ltr'><strong>pondus</strong></span> <span class='ocrx_word' id='word_1_318' title='bbox 910 3359 1108 3416; x_wconf 87' lang='lat' dir='ltr'><strong>armorum,</strong></span> <span class='ocrx_word' id='word_1_319' title='bbox 1320 3326 1464 3396; x_wconf 86' lang='lat' dir='ltr'><strong>Patriae</strong></span> <span class='ocrx_word' id='word_1_320' title='bbox 1481 3341 1610 3420; x_wconf 88' lang='lat' dir='ltr'><strong>terrae,</strong></span> 
     </span>
     <span class='ocr_line' id='line_1_32' title="bbox 284 3429 1653 3557; baseline -0.032 -14"><span class='ocrx_word' id='word_1_321' title='bbox 284 3472 391 3542; x_wconf 88' lang='lat' dir='ltr'><strong>Nunc</strong></span> <span class='ocrx_word' id='word_1_322' title='bbox 407 3460 552 3557; x_wconf 88' lang='lat' dir='ltr'><strong>quidem</strong></span> <span class='ocrx_word' id='word_1_323' title='bbox 567 3455 656 3524; x_wconf 87' lang='lat' dir='ltr'><strong>vade</strong></span> <span class='ocrx_word' id='word_1_324' title='bbox 673 3449 805 3526; x_wconf 86' lang='lat' dir='ltr'><strong>nudus;</strong></span> <span class='ocrx_word' id='word_1_325' title='bbox 828 3446 866 3512; x_wconf 89' lang='lat' dir='ltr'><strong>in</strong></span> <span class='ocrx_word' id='word_1_326' title='bbox 882 3439 1037 3514; x_wconf 82' lang='lat' dir='ltr'><strong>exercitu</strong></span> <span class='ocrx_word' id='word_1_327' title='bbox 1054 3446 1172 3505; x_wconf 90' lang='lat' dir='ltr'><strong>autem</strong></span> <span class='ocrx_word' id='word_1_328' title='bbox 1322 3429 1375 3497; x_wconf 89' lang='lat' dir='ltr'><strong>De</strong></span> <span class='ocrx_word' id='word_1_329' title='bbox 1389 3431 1477 3499; x_wconf 90' lang='lat' dir='ltr'><strong>meis</strong></span> <span class='ocrx_word' id='word_1_330' title='bbox 1494 3429 1653 3514; x_wconf 88' lang='lat' dir='ltr'><strong>aedibus,</strong></span> 
     </span>
    </p>
   </div>
   <div class='ocr_carea' id='block_1_13' title="bbox 239 3531 1853 3656">
    <p class='ocr_par' dir='ltr' id='par_1_13' title="bbox 239 3531 1853 3656">
     <span class='ocr_line' id='line_1_33' title="bbox 239 3531 1853 3656; baseline -0.024 -11"><span class='ocrx_word' id='word_1_331' title='bbox 239 3568 314 3650; x_wconf 75' lang='lat'><strong>725</strong></span> <span class='ocrx_word' id='word_1_332' title='bbox 337 3563 485 3656; x_wconf 76' lang='lat' dir='ltr'><strong>&#39;legaris</strong></span> <span class='ocrx_word' id='word_1_333' title='bbox 499 3557 556 3630; x_wconf 90' lang='lat' dir='ltr'><strong>his</strong></span> <span class='ocrx_word' id='word_1_334' title='bbox 572 3552 700 3634; x_wconf 87' lang='lat' dir='ltr'><strong>armis,</strong></span> <span class='ocrx_word' id='word_1_335' title='bbox 725 3570 789 3638; x_wconf 81' lang='lat' dir='ltr'><strong>ego</strong></span> <span class='ocrx_word' id='word_1_336' title='bbox 805 3545 957 3636; x_wconf 86' lang='lat' dir='ltr'><strong>portabo</strong></span> <span class='ocrx_word' id='word_1_337' title='bbox 976 3559 1144 3630; x_wconf 88' lang='lat' dir='ltr'><strong>eousque,</strong></span> <span class='ocrx_word' id='word_1_338' title='bbox 1322 3531 1517 3624; x_wconf 88' lang='lat' dir='ltr'><strong>Postquam</strong></span> <span class='ocrx_word' id='word_1_339' title='bbox 1533 3533 1652 3625; x_wconf 84' lang='lat' dir='ltr'><strong>accepi</strong></span> <span class='ocrx_word' id='word_1_340' title='bbox 1667 3535 1853 3626; x_wconf 86' lang='lat' dir='ltr'><strong>supplices.</strong></span> 
     </span>
    </p>
   </div>
   <div class='ocr_carea' id='block_1_14' title="bbox 288 3639 1963 3846">
    <p class='ocr_par' dir='ltr' id='par_1_14' title="bbox 288 3639 1963 3846">
     <span class='ocr_line' id='line_1_34' title="bbox 288 3639 1691 3749; baseline -0.05 -1"><span class='ocrx_word' id='word_1_341' title='bbox 288 3676 350 3749; x_wconf 90' lang='grc'><strong>101.</strong></span> <span class='ocrx_word' id='word_1_342' title='bbox 403 3665 513 3736; x_wconf 84' lang='lat' dir='ltr'><strong>Recte</strong></span> <span class='ocrx_word' id='word_1_343' title='bbox 561 3652 701 3735; x_wconf 82' lang='lat' dir='ltr'><strong>dixisti,</strong></span> <span class='ocrx_word' id='word_1_344' title='bbox 748 3671 874 3718; x_wconf 84' lang='lat' dir='ltr'><strong>verum</strong></span> <span class='ocrx_word' id='word_1_345' title='bbox 915 3639 1005 3714; x_wconf 90' lang='lat' dir='ltr'><strong>mihi</strong></span> <span class='ocrx_word' id='word_1_346' title='bbox 1053 3648 1219 3730; x_wconf 87' lang='lat' dir='ltr'><strong>prompta</strong></span> <span class='ocrx_word' id='word_1_347' title='bbox 1684 3705 1691 3722; x_wconf 43' lang='grc' dir='ltr'>Ι</span> 
     </span>
     <span class='ocr_line' id='line_1_35' title="bbox 652 3698 1963 3846; baseline -0.04 -21"><span class='ocrx_word' id='word_1_348' title='bbox 652 3749 830 3846; x_wconf 59' lang='grc'><strong>10000017)</strong></span> <span class='ocrx_word' id='word_1_349' title='bbox 1566 3698 1876 3799; x_wconf 78' lang='lat' dir='ltr'><strong>[Aattatroplce</strong></span> <span class='ocrx_word' id='word_1_350' title='bbox 1907 3704 1963 3805; x_wconf 92' lang='grc'><strong>1.]</strong></span> 
     </span>
    </p>
   </div>
   <div class='ocr_carea' id='block_1_15' title="bbox 269 3833 2089 4052">
    <p class='ocr_par' dir='ltr' id='par_1_15' title="bbox 269 3833 2089 4052">
     <span class='ocr_line' id='line_1_36' title="bbox 269 3833 2089 3963; baseline -0.014 -24"><span class='ocrx_word' id='word_1_351' title='bbox 269 3939 273 3946; x_wconf 79' lang='grc'><strong>,</strong></span> <span class='ocrx_word' id='word_1_352' title='bbox 289 3881 401 3952; x_wconf 74' lang='lat' dir='ltr'><strong>Arma</strong></span> <span class='ocrx_word' id='word_1_353' title='bbox 419 3867 556 3963; x_wconf 86' lang='lat' dir='ltr'><strong>posita,</strong></span> <span class='ocrx_word' id='word_1_354' title='bbox 580 3861 697 3930; x_wconf 88' lang='lat' dir='ltr'><strong>insere</strong></span> <span class='ocrx_word' id='word_1_355' title='bbox 711 3852 836 3925; x_wconf 90' lang='lat' dir='ltr'><strong>manui</strong></span> <span class='ocrx_word' id='word_1_356' title='bbox 848 3847 999 3930; x_wconf 87' lang='lat' dir='ltr'><strong>hastam,</strong></span> <span class='ocrx_word' id='word_1_357' title='bbox 1325 3833 1475 3904; x_wconf 86' lang='lat' dir='ltr'><strong>Difficile</strong></span> <span class='ocrx_word' id='word_1_358' title='bbox 1494 3849 1566 3921; x_wconf 91' lang='lat' dir='ltr'><strong>est,</strong></span> <span class='ocrx_word' id='word_1_359' title='bbox 1588 3840 1713 3908; x_wconf 87' lang='lat' dir='ltr'><strong>urbem</strong></span> <span class='ocrx_word' id='word_1_360' title='bbox 1730 3853 1904 3934; x_wconf 85' lang='lat' dir='ltr'><strong>tanquam</strong></span> <span class='ocrx_word' id='word_1_361' title='bbox 1919 3843 2089 3937; x_wconf 87' lang='lat' dir='ltr'><strong>Mycenas</strong></span> 
     </span>
     <span class='ocr_line' id='line_1_37' title="bbox 290 3937 1872 4052; baseline -0.025 0"><span class='ocrx_word' id='word_1_362' title='bbox 290 3982 337 4052; x_wconf 84' lang='lat' dir='ltr'><strong>Et</strong></span> <span class='ocrx_word' id='word_1_363' title='bbox 362 3979 505 4048; x_wconf 89' lang='lat' dir='ltr'><strong>laevum</strong></span> <span class='ocrx_word' id='word_1_364' title='bbox 536 3963 657 4036; x_wconf 87' lang='lat' dir='ltr'><strong>attolle</strong></span> <span class='ocrx_word' id='word_1_365' title='bbox 688 3956 867 4039; x_wconf 91' lang='lat' dir='ltr'><strong>cubitum,</strong></span> <span class='ocrx_word' id='word_1_366' title='bbox 915 3949 1071 4040; x_wconf 84' lang='lat' dir='ltr'><strong>dirigens</strong></span> <span class='ocrx_word' id='word_1_367' title='bbox 1102 3965 1222 4012; x_wconf 89' lang='lat' dir='ltr'><strong>meum</strong></span> <span class='ocrx_word' id='word_1_368' title='bbox 1277 3939 1351 4010; x_wconf 82' lang='lat'><strong>760</strong></span> <span class='ocrx_word' id='word_1_369' title='bbox 1374 3937 1579 4009; x_wconf 86' lang='lat' dir='ltr'><strong>Florentem</strong></span> <span class='ocrx_word' id='word_1_370' title='bbox 1597 3953 1632 4010; x_wconf 93' lang='lat' dir='ltr'><strong>et</strong></span> <span class='ocrx_word' id='word_1_371' title='bbox 1646 3942 1872 4012; x_wconf 85' lang='lat' dir='ltr'><strong>excellentem</strong></span> 
     </span>
    </p>
   </div>
   <div class='ocr_carea' id='block_1_16' title="bbox 244 4041 2267 4468">
    <p class='ocr_par' dir='ltr' id='par_1_16' title="bbox 244 4041 2267 4468">
     <span class='ocr_line' id='line_1_38' title="bbox 653 4041 2267 4155; baseline -0.009 -33"><span class='ocrx_word' id='word_1_372' title='bbox 653 4081 824 4155; x_wconf 64' lang='lat' dir='ltr'><strong>gressum.</strong></span> <span class='ocrx_word' id='word_1_373' title='bbox 1325 4041 1550 4112; x_wconf 87' lang='lat' dir='ltr'><strong>Fortitudine</strong></span> <span class='ocrx_word' id='word_1_374' title='bbox 1570 4043 1621 4112; x_wconf 92' lang='lat' dir='ltr'><strong>rei</strong></span> <span class='ocrx_word' id='word_1_375' title='bbox 1639 4045 1816 4130; x_wconf 89' lang='lat' dir='ltr'><strong>militaris,</strong></span> <span class='ocrx_word' id='word_1_376' title='bbox 2264 4103 2267 4112; x_wconf 77' lang='grc'>,</span> 
     </span>
     <span class='ocr_line' id='line_1_39' title="bbox 292 4142 2258 4264; baseline -0.021 -5"><span class='ocrx_word' id='word_1_377' title='bbox 292 4189 386 4259; x_wconf 81' lang='lat' dir='ltr'><strong>Fam.</strong></span> <span class='ocrx_word' id='word_1_378' title='bbox 415 4177 512 4252; x_wconf 89' lang='lat' dir='ltr'><strong>Num</strong></span> <span class='ocrx_word' id='word_1_379' title='bbox 536 4191 627 4264; x_wconf 91' lang='lat' dir='ltr'><strong>opus</strong></span> <span class='ocrx_word' id='word_1_380' title='bbox 654 4176 706 4236; x_wconf 90' lang='lat' dir='ltr'><strong>est</strong></span> <span class='ocrx_word' id='word_1_381' title='bbox 727 4164 855 4232; x_wconf 88' lang='lat' dir='ltr'><strong>ducere</strong></span> <span class='ocrx_word' id='word_1_382' title='bbox 878 4169 1050 4246; x_wconf 87' lang='lat' dir='ltr'><strong>tanquam</strong></span> <span class='ocrx_word' id='word_1_383' title='bbox 1071 4169 1224 4239; x_wconf 88' lang='lat' dir='ltr'><strong>puerum</strong></span> <span class='ocrx_word' id='word_1_384' title='bbox 1328 4142 1516 4214; x_wconf 85' lang='lat' dir='ltr'><strong>Occultare</strong></span> <span class='ocrx_word' id='word_1_385' title='bbox 1542 4145 1631 4214; x_wconf 88' lang='lat' dir='ltr'><strong>iram</strong></span> <span class='ocrx_word' id='word_1_386' title='bbox 1653 4149 1821 4218; x_wconf 89' lang='lat' dir='ltr'><strong>adversus</strong></span> <span class='ocrx_word' id='word_1_387' title='bbox 1843 4147 1958 4240; x_wconf 86' lang='lat' dir='ltr'><strong>ipsam</strong></span> <span class='ocrx_word' id='word_1_388' title='bbox 1982 4161 2116 4219; x_wconf 87' lang='lat' dir='ltr'><strong>terram</strong></span> <span class='ocrx_word' id='word_1_389' title='bbox 2137 4163 2258 4220; x_wconf 83' lang='lat' dir='ltr'><strong>contra</strong></span> 
     </span>
     <span class='ocr_line' id='line_1_40' title="bbox 652 4249 1807 4343; baseline -0.014 -7"><span class='ocrx_word' id='word_1_390' title='bbox 652 4259 829 4336; x_wconf 78' lang='lat' dir='ltr'><strong>militem?</strong></span> <span class='ocrx_word' id='word_1_391' title='bbox 1684 4249 1807 4343; x_wconf 58' lang='lat' dir='ltr'><strong>mem).</strong></span> 
     </span>
     <span class='ocr_line' id='line_1_41' title="bbox 244 4347 1998 4468; baseline -0.018 -13"><span class='ocrx_word' id='word_1_392' title='bbox 244 4388 319 4464; x_wconf 76' lang='grc'><strong>750</strong></span> <span class='ocrx_word' id='word_1_393' title='bbox 340 4384 401 4456; x_wconf 88' lang='grc'><strong>101.</strong></span> <span class='ocrx_word' id='word_1_394' title='bbox 424 4379 580 4468; x_wconf 89' lang='lat' dir='ltr'><strong>Propter</strong></span> <span class='ocrx_word' id='word_1_395' title='bbox 596 4393 703 4442; x_wconf 89' lang='lat' dir='ltr'><strong>omen</strong></span> <span class='ocrx_word' id='word_1_396' title='bbox 717 4359 953 4438; x_wconf 90' lang='lat' dir='ltr'><strong>incedendum</strong></span> <span class='ocrx_word' id='word_1_397' title='bbox 972 4366 1024 4426; x_wconf 88' lang='lat' dir='ltr'><strong>est</strong></span> <span class='ocrx_word' id='word_1_398' title='bbox 1038 4363 1129 4422; x_wconf 90' lang='lat' dir='ltr'><strong>tuto.</strong></span> <span class='ocrx_word' id='word_1_399' title='bbox 1326 4347 1462 4417; x_wconf 84' lang='lat' dir='ltr'><strong>Malum</strong></span> <span class='ocrx_word' id='word_1_400' title='bbox 1482 4361 1552 4433; x_wconf 88' lang='lat' dir='ltr'><strong>est,</strong></span> <span class='ocrx_word' id='word_1_401' title='bbox 1576 4351 1756 4436; x_wconf 87' lang='lat' dir='ltr'><strong>ocivitas,</strong></span> <span class='ocrx_word' id='word_1_402' title='bbox 1782 4352 1811 4422; x_wconf 91' lang='lat' dir='ltr'><strong>si</strong></span> <span class='ocrx_word' id='word_1_403' title='bbox 1829 4353 1998 4424; x_wconf 88' lang='lat' dir='ltr'><strong>dedemus</strong></span> 
     </span>
    </p>
   </div>
   <div class='ocr_carea' id='block_1_17' title="bbox 293 4447 1881 4676">
    <p class='ocr_par' dir='ltr' id='par_1_17' title="bbox 293 4447 1881 4676">
     <span class='ocr_line' id='line_1_42' title="bbox 293 4447 1733 4566; baseline -0.032 -1"><span class='ocrx_word' id='word_1_404' title='bbox 293 4493 388 4564; x_wconf 81' lang='lat' dir='ltr'><strong>Fam.</strong></span> <span class='ocrx_word' id='word_1_405' title='bbox 410 4479 560 4554; x_wconf 89' lang='lat' dir='ltr'><strong>Utinam</strong></span> <span class='ocrx_word' id='word_1_406' title='bbox 578 4473 626 4542; x_wconf 89' lang='lat' dir='ltr'><strong>ita</strong></span> <span class='ocrx_word' id='word_1_407' title='bbox 642 4495 763 4566; x_wconf 89' lang='lat' dir='ltr'><strong>posses</strong></span> <span class='ocrx_word' id='word_1_408' title='bbox 778 4469 914 4546; x_wconf 86' lang='lat' dir='ltr'><strong>lacere,</strong></span> <span class='ocrx_word' id='word_1_409' title='bbox 932 4472 973 4530; x_wconf 92' lang='lat' dir='ltr'><strong>ut</strong></span> <span class='ocrx_word' id='word_1_410' title='bbox 990 4481 1025 4528; x_wconf 89' lang='lat' dir='ltr'><strong>es</strong></span> <span class='ocrx_word' id='word_1_411' title='bbox 1041 4453 1201 4546; x_wconf 86' lang='lat' dir='ltr'><strong>cupidus.</strong></span> <span class='ocrx_word' id='word_1_412' title='bbox 1329 4449 1511 4542; x_wconf 88' lang='lat' dir='ltr'><strong>Supplices</strong></span> <span class='ocrx_word' id='word_1_413' title='bbox 1527 4447 1695 4544; x_wconf 87' lang='lat' dir='ltr'><strong>hospites,</strong></span> <span class='ocrx_word' id='word_1_414' title='bbox 1728 4485 1733 4498; x_wconf 94' lang='lat'>·</span> 
     </span>
     <span class='ocr_line' id='line_1_43' title="bbox 296 4547 1881 4676; baseline -0.033 -11"><span class='ocrx_word' id='word_1_415' title='bbox 296 4594 357 4665; x_wconf 92' lang='grc'><strong>101.</strong></span> <span class='ocrx_word' id='word_1_416' title='bbox 381 4586 563 4676; x_wconf 88' lang='lat' dir='ltr'><strong>Propera,</strong></span> <span class='ocrx_word' id='word_1_417' title='bbox 587 4575 701 4646; x_wconf 91' lang='lat' dir='ltr'><strong>tristia</strong></span> <span class='ocrx_word' id='word_1_418' title='bbox 725 4570 862 4665; x_wconf 89' lang='lat' dir='ltr'><strong>patiar,</strong></span> <span class='ocrx_word' id='word_1_419' title='bbox 885 4563 1004 4636; x_wconf 91' lang='lat' dir='ltr'><strong>sinon</strong></span> <span class='ocrx_word' id='word_1_420' title='bbox 1027 4576 1225 4650; x_wconf 88' lang='lat' dir='ltr'><strong>pervenero</strong></span> <span class='ocrx_word' id='word_1_421' title='bbox 1279 4547 1354 4622; x_wconf 87' lang='grc'><strong>765</strong></span> <span class='ocrx_word' id='word_1_422' title='bbox 1374 4551 1420 4620; x_wconf 87' lang='lat' dir='ltr'><strong>Et</strong></span> <span class='ocrx_word' id='word_1_423' title='bbox 1437 4553 1551 4644; x_wconf 83' lang='lat' dir='ltr'><strong>Argos</strong></span> <span class='ocrx_word' id='word_1_424' title='bbox 1568 4567 1620 4624; x_wconf 89' lang='lat' dir='ltr'><strong>est</strong></span> <span class='ocrx_word' id='word_1_425' title='bbox 1634 4579 1735 4624; x_wconf 90' lang='lat' dir='ltr'><strong>reum</strong></span> <span class='ocrx_word' id='word_1_426' title='bbox 1754 4557 1881 4628; x_wconf 59' lang='lat' dir='ltr'><strong>caedis,</strong></span> 
     </span>
    </p>
   </div>
   <div class='ocr_carea' id='block_1_18' title="bbox 294 4651 2034 4870">
    <p class='ocr_par' dir='ltr' id='par_1_18' title="bbox 294 4651 2034 4870">
     <span class='ocr_line' id='line_1_44' title="bbox 657 4651 2034 4768; baseline -0.032 -9"><span class='ocrx_word' id='word_1_427' title='bbox 657 4677 702 4746; x_wconf 64' lang='lat' dir='ltr'><strong>fid</strong></span> <span class='ocrx_word' id='word_1_428' title='bbox 719 4694 888 4768; x_wconf 67' lang='lat' dir='ltr'><strong>pugnam·</strong></span> <span class='ocrx_word' id='word_1_429' title='bbox 1329 4651 1463 4747; x_wconf 88' lang='lat' dir='ltr'><strong>lupiter</strong></span> <span class='ocrx_word' id='word_1_430' title='bbox 1479 4672 1531 4726; x_wconf 91' lang='lat' dir='ltr'><strong>est</strong></span> <span class='ocrx_word' id='word_1_431' title='bbox 1546 4653 1634 4726; x_wconf 86' lang='lat' dir='ltr'><strong>mibi</strong></span> <span class='ocrx_word' id='word_1_432' title='bbox 1653 4661 1787 4742; x_wconf 86' lang='lat' dir='ltr'><strong>socius,</strong></span> <span class='ocrx_word' id='word_1_433' title='bbox 1811 4685 1884 4730; x_wconf 87' lang='lat' dir='ltr'><strong>non</strong></span> <span class='ocrx_word' id='word_1_434' title='bbox 1902 4674 2034 4730; x_wconf 68' lang='lat' dir='ltr'><strong>metuo,</strong></span> 
     </span>
     <span class='ocr_line' id='line_1_45' title="bbox 294 4753 1319 4870; baseline -0.05 1"><span class='ocrx_word' id='word_1_435' title='bbox 294 4801 388 4870; x_wconf 81' lang='lat' dir='ltr'><strong>Fam.</strong></span> <span class='ocrx_word' id='word_1_436' title='bbox 430 4787 490 4860; x_wconf 85' lang='lat' dir='ltr'><strong>Tu</strong></span> <span class='ocrx_word' id='word_1_437' title='bbox 510 4779 706 4862; x_wconf 88' lang='lat' dir='ltr'><strong>cunctaris,</strong></span> <span class='ocrx_word' id='word_1_438' title='bbox 741 4789 776 4846; x_wconf 87' lang='lat' dir='ltr'><strong>et</strong></span> <span class='ocrx_word' id='word_1_439' title='bbox 804 4795 869 4864; x_wconf 87' lang='grc'><strong>030</strong></span> <span class='ocrx_word' id='word_1_440' title='bbox 894 4765 1020 4835; x_wconf 88' lang='lat' dir='ltr'><strong>videor</strong></span> <span class='ocrx_word' id='word_1_441' title='bbox 1048 4759 1115 4830; x_wconf 88' lang='lat' dir='ltr'><strong>tibi</strong></span> <span class='ocrx_word' id='word_1_442' title='bbox 1137 4753 1228 4827; x_wconf 87' lang='lat' dir='ltr'><strong>nibil</strong></span> <span class='ocrx_word' id='word_1_443' title='bbox 1285 4850 1319 4858; x_wconf 35' lang='grc' dir='ltr'><strong><em>Ἣ</em></strong></span> 
     </span>
    </p>
   </div>
   <div class='ocr_carea' id='block_1_19' title="bbox 300 4903 2249 5078">
    <p class='ocr_par' dir='ltr' id='par_1_19' title="bbox 300 4903 2249 5078">
     <span class='ocr_line' id='line_1_46' title="bbox 300 4903 2249 5078; baseline -0.028 -9"><span class='ocrx_word' id='word_1_444' title='bbox 300 4999 362 5069; x_wconf 88' lang='grc'><strong>101.</strong></span> <span class='ocrx_word' id='word_1_445' title='bbox 380 4993 438 5065; x_wconf 76' lang='lat' dir='ltr'><strong>An</strong></span> <span class='ocrx_word' id='word_1_446' title='bbox 453 5013 529 5062; x_wconf 89' lang='lat' dir='ltr'><strong>non</strong></span> <span class='ocrx_word' id='word_1_447' title='bbox 546 4903 1228 5077; x_wconf 50' lang='grc' dir='ltr'><strong>010001131111000010011001010οε0001</strong></span> <span class='ocrx_word' id='word_1_448' title='bbox 1314 4956 1485 5078; x_wconf 51' lang='lat' dir='ltr'><strong>ssffillffi</strong></span> <span class='ocrx_word' id='word_1_449' title='bbox 1501 4956 1712 5077; x_wconf 47' lang='grc' dir='ltr'><strong>’,13ᾱὲῑο010.</strong></span> <span class='ocrx_word' id='word_1_450' title='bbox 1726 4953 1876 5020; x_wconf 73' lang='grc' dir='ltr'><strong>δοκοῦντα)</strong></span> <span class='ocrx_word' id='word_1_451' title='bbox 1890 4957 1976 5011; x_wconf 74' lang='lat' dir='ltr'><strong>actu.</strong></span> <span class='ocrx_word' id='word_1_452' title='bbox 1992 4957 2067 5010; x_wconf 78' lang='lat' dir='ltr'><strong>aare</strong></span> <span class='ocrx_word' id='word_1_453' title='bbox 2085 4959 2113 5008; x_wconf 76' lang='lat' dir='ltr'><strong>ee</strong></span> <span class='ocrx_word' id='word_1_454' title='bbox 2131 4959 2249 5014; x_wconf 62' lang='lat' dir='ltr'><strong>remma</strong></span> 
     </span>
    </p>
   </div>
   <div class='ocr_carea' id='block_1_20' title="bbox 250 5107 2248 5331">
    <p class='ocr_par' dir='ltr' id='par_1_20' title="bbox 250 5107 2248 5331">
     <span class='ocr_line' id='line_1_47' title="bbox 1315 5107 2248 5178; baseline -0.006 -16"><span class='ocrx_word' id='word_1_455' title='bbox 1315 5114 1365 5172; x_wconf 78' lang='grc'><strong>40)</strong></span> <span class='ocrx_word' id='word_1_456' title='bbox 1384 5107 1495 5176; x_wconf 82' lang='lat' dir='ltr'><strong>opinio]</strong></span> <span class='ocrx_word' id='word_1_457' title='bbox 1514 5112 1562 5163; x_wconf 75' lang='grc'><strong>01.</strong></span> <span class='ocrx_word' id='word_1_458' title='bbox 1581 5110 1656 5162; x_wconf 76' lang='grc'><strong>1001.</strong></span> <span class='ocrx_word' id='word_1_459' title='bbox 1674 5112 1772 5162; x_wconf 84' lang='lat' dir='ltr'><strong>nendo</strong></span> <span class='ocrx_word' id='word_1_460' title='bbox 1791 5116 1919 5178; x_wconf 59' lang='lat' dir='ltr'><strong>typogra</strong></span> <span class='ocrx_word' id='word_1_461' title='bbox 1945 5111 2068 5174; x_wconf 72' lang='lat' dir='ltr'><strong>opinor.</strong></span> <span class='ocrx_word' id='word_1_462' title='bbox 2086 5137 2122 5151; x_wconf 90' lang='lat'><em>-</em></span> <span class='ocrx_word' id='word_1_463' title='bbox 2140 5113 2170 5162; x_wconf 79' lang='lat' dir='ltr'><strong>a.</strong></span> <span class='ocrx_word' id='word_1_464' title='bbox 2190 5113 2207 5161; x_wconf 89' lang='grc'><strong>1.</strong></span> <span class='ocrx_word' id='word_1_465' title='bbox 2228 5109 2248 5156; x_wconf 84' lang='lat' dir='ltr'><strong>is</strong></span> 
     </span>
     <span class='ocr_line' id='line_1_48' title="bbox 250 5179 2168 5244; baseline -0.001 -12"><span class='ocrx_word' id='word_1_466' title='bbox 250 5221 454 5244; x_wconf 77' lang='grc'><strong>,,......-</strong></span> <span class='ocrx_word' id='word_1_467' title='bbox 1351 5181 1434 5232; x_wconf 75' lang='lat' dir='ltr'><strong>rasta.</strong></span> <span class='ocrx_word' id='word_1_468' title='bbox 1454 5181 1542 5239; x_wconf 72' lang='grc'><strong>1008..</strong></span> <span class='ocrx_word' id='word_1_469' title='bbox 1562 5179 1637 5232; x_wconf 76' lang='grc'><strong>1002.</strong></span> <span class='ocrx_word' id='word_1_470' title='bbox 1657 5181 1723 5229; x_wconf 80' lang='lat' dir='ltr'><strong>nota</strong></span> <span class='ocrx_word' id='word_1_471' title='bbox 1740 5192 1843 5243; x_wconf 53' lang='lat' dir='ltr'><strong>maru:</strong></span> <span class='ocrx_word' id='word_1_472' title='bbox 1863 5179 1961 5244; x_wconf 82' lang='lat' dir='ltr'><strong>optule</strong></span> <span class='ocrx_word' id='word_1_473' title='bbox 1980 5181 2014 5230; x_wconf 85' lang='lat' dir='ltr'><strong>de</strong></span> <span class='ocrx_word' id='word_1_474' title='bbox 2031 5181 2168 5232; x_wconf 80' lang='lat' dir='ltr'><strong>divitibus.</strong></span> 
     </span>
     <span class='ocr_line' id='line_1_49' title="bbox 1316 5261 2245 5331; baseline 0 -15"><span class='ocrx_word' id='word_1_475' title='bbox 1316 5266 1522 5323; x_wconf 75' lang='grc'><strong>0010000000</strong></span> <span class='ocrx_word' id='word_1_476' title='bbox 1547 5265 1634 5327; x_wconf 78' lang='lat' dir='ltr'><strong>ipsam</strong></span> <span class='ocrx_word' id='word_1_477' title='bbox 1658 5267 1761 5314; x_wconf 80' lang='lat' dir='ltr'><strong>terren</strong></span> <span class='ocrx_word' id='word_1_478' title='bbox 1787 5268 1885 5316; x_wconf 85' lang='lat' dir='ltr'><strong>contre</strong></span> <span class='ocrx_word' id='word_1_479' title='bbox 1912 5263 1978 5331; x_wconf 79' lang='lat' dir='ltr'><strong>me]</strong></span> <span class='ocrx_word' id='word_1_480' title='bbox 2004 5265 2046 5314; x_wconf 86' lang='lat' dir='ltr'><strong>ste</strong></span> <span class='ocrx_word' id='word_1_481' title='bbox 2072 5265 2155 5316; x_wconf 79' lang='lat' dir='ltr'><strong>ltcttt.</strong></span> <span class='ocrx_word' id='word_1_482' title='bbox 2176 5261 2245 5316; x_wconf 69' lang='grc'><strong>1010,</strong></span> 
     </span>
    </p>
   </div>
   <div class='ocr_carea' id='block_1_21' title="bbox 200 5325 2246 5486">
    <p class='ocr_par' dir='ltr' id='par_1_21' title="bbox 200 5325 2246 5486">
     <span class='ocr_line' id='line_1_50' title="bbox 285 5325 2246 5425; baseline -0.005 -37"><span class='ocrx_word' id='word_1_483' title='bbox 285 5366 333 5425; x_wconf 52' lang='grc'><strong>37)</strong></span> <span class='ocrx_word' id='word_1_484' title='bbox 350 5354 461 5424; x_wconf 59' lang='lat' dir='ltr'><strong>mm]</strong></span> <span class='ocrx_word' id='word_1_485' title='bbox 487 5355 529 5406; x_wconf 66' lang='lat'><strong>,10</strong></span> <span class='ocrx_word' id='word_1_486' title='bbox 553 5343 815 5414; x_wconf 50' lang='grc'><strong>(3303130300)</strong></span> <span class='ocrx_word' id='word_1_487' title='bbox 841 5335 924 5391; x_wconf 75' lang='grc'><strong>1111111.</strong></span> <span class='ocrx_word' id='word_1_488' title='bbox 947 5335 1021 5387; x_wconf 78' lang='lat' dir='ltr'><strong>tate.</strong></span> <span class='ocrx_word' id='word_1_489' title='bbox 1047 5337 1074 5383; x_wconf 87' lang='lat' dir='ltr'><strong>et</strong></span> <span class='ocrx_word' id='word_1_490' title='bbox 1097 5333 1230 5398; x_wconf 80' lang='lat' dir='ltr'><strong>recenll.;</strong></span> <span class='ocrx_word' id='word_1_491' title='bbox 1353 5335 1427 5384; x_wconf 78' lang='lat' dir='ltr'><strong>taor.</strong></span> <span class='ocrx_word' id='word_1_492' title='bbox 1451 5335 1515 5395; x_wconf 71' lang='lat' dir='ltr'><strong>(aa</strong></span> <span class='ocrx_word' id='word_1_493' title='bbox 1544 5333 1627 5385; x_wconf 79' lang='lat' dir='ltr'><strong>assit.</strong></span> <span class='ocrx_word' id='word_1_494' title='bbox 1653 5334 1728 5382; x_wconf 85' lang='grc'><strong>1001.</strong></span> <span class='ocrx_word' id='word_1_495' title='bbox 1752 5327 1801 5399; x_wconf 69' lang='grc' dir='ltr'><strong>ἐμὲ</strong></span> <span class='ocrx_word' id='word_1_496' title='bbox 1825 5329 1942 5400; x_wconf 56' lang='lat' dir='ltr'><strong>prout„</strong></span> <span class='ocrx_word' id='word_1_497' title='bbox 1972 5335 2056 5384; x_wconf 68' lang='lat' dir='ltr'><strong>sciat.</strong></span> <span class='ocrx_word' id='word_1_498' title='bbox 2081 5337 2182 5385; x_wconf 60' lang='lat' dir='ltr'><strong>recurat.</strong></span> <span class='ocrx_word' id='word_1_499' title='bbox 2202 5325 2246 5392; x_wconf 69' lang='lat' dir='ltr'><strong>lpnf</strong></span> 
     </span>
     <span class='ocr_line' id='line_1_51' title="bbox 200 5399 1938 5486; baseline 0.003 -38"><span class='ocrx_word' id='word_1_500' title='bbox 200 5441 206 5448; x_wconf 89' lang='lat'>.</span> <span class='ocrx_word' id='word_1_501' title='bbox 321 5432 371 5486; x_wconf 57' lang='lat' dir='ltr'><strong>m</strong></span> <span class='ocrx_word' id='word_1_502' title='bbox 390 5427 467 5481; x_wconf 46' lang='grc' dir='ltr'><strong>Μ.</strong></span> <span class='ocrx_word' id='word_1_503' title='bbox 485 5427 573 5476; x_wconf 45' lang='lat' dir='ltr'><strong>mm·</strong></span> <span class='ocrx_word' id='word_1_504' title='bbox 1351 5399 1434 5467; x_wconf 75' lang='grc' dir='ltr'><strong>χοονὶ</strong></span> <span class='ocrx_word' id='word_1_505' title='bbox 1452 5429 1485 5440; x_wconf 92' lang='grc'>-</span> <span class='ocrx_word' id='word_1_506' title='bbox 1503 5402 1638 5456; x_wconf 83' lang='lat' dir='ltr'><strong>adversus</strong></span> <span class='ocrx_word' id='word_1_507' title='bbox 1657 5411 1744 5452; x_wconf 80' lang='lat' dir='ltr'><strong>meam</strong></span> <span class='ocrx_word' id='word_1_508' title='bbox 1761 5407 1874 5456; x_wconf 83' lang='lat' dir='ltr'><strong>terren.</strong></span> <span class='ocrx_word' id='word_1_509' title='bbox 1936 5424 1938 5430; x_wconf 33' lang='lat' dir='ltr'><strong>r</strong></span> 
     </span>
    </p>
   </div>
   <div class='ocr_carea' id='block_1_22' title="bbox 1322 4849 1497 4860">
    <p class='ocr_par' dir='ltr' id='par_1_22' title="bbox 1322 4849 1497 4860">
     <span class='ocr_line' id='line_1_52' title="bbox 1322 4849 1497 4860; baseline -0.017 -1"><span class='ocrx_word' id='word_1_510' title='bbox 1322 4849 1497 4860; x_wconf 58' lang='lat' dir='ltr'><em>...a-„-</em></span> 
     </span>
    </p>
   </div>
   <div class='ocr_carea' id='block_1_23' title="bbox 0 0 2304 5796">
    <p class='ocr_par' dir='ltr' id='par_1_23' title="bbox 0 0 2304 5796">
     <span class='ocr_line' id='line_1_53' title="bbox 0 0 2304 5796; baseline 0 0"><span class='ocrx_word' id='word_1_511' title='bbox 0 0 2304 5796; x_wconf 95' lang='lat' dir='ltr'><strong> </strong></span> 
     </span>
    </p>
   </div>
  </div>
 </body>
</html>
