4662 5804
70 171 146 240 97⁷
538 169 645 245 cxx.
702 173 1101 254 mrmrasmuo
1130 141 1357 254 urimur
1391 179 1643 258 suanmrs.

119 341 192 416 Per
206 341 393 436 sylvestria
410 357 537 436 prata,

68 448 169 522 1520
193 441 241 516 Et
255 445 382 521 fluctus
396 449 506 522 maris
520 452 677 542 graviter
690 467 858 527 sonantes
980 493 985 504 ·

117 548 306 621 Desiderio
323 548 473 622 amissae

6 695 16 706 ·
116 651 231 722 Filiae
247 673 411 722 arcanae.

117 755 341 845 Crepitacula
357 752 530 826 Bacchica
551 761 685 832 clarum

64 854 166 932 1325
191 856 357 928 Sonitum
372 858 548 929 mittentia
567 866 760 947 sonabant,
777 917 781 926 .

114 959 272 1054 Quando
288 960 423 1050 iugales
439 962 570 1035 bestias

113 1063 192 1134 Dea
209 1063 359 1154 iungens
376 1065 422 1134 ad
436 1089 581 1137 currum

114 1165 272 1257 Raptam
288 1165 478 1260 quaesivit'

110 1268 301 1359 Virginem
320 1280 416 1338 extra
433 1283 585 1341 coetum.

57 1371 162 1444 1330
189 1371 278 1440 Cum
296 1371 422 1462 puellis
438 1373 579 1456 celeres,

109 1473 229 1542 Diana
246 1473 404 1564 sagittis,

108 1576 229 1646 Pallas
246 1587 383 1645 armata
398 1573 520 1660 hasta,

108 1678 280 1769 Spectans
297 1702 316 1749 e
333 1681 454 1762 coelo,

107 1781 217 1851 atiud
232 1781 346 1851 fatum
364 1781 609 1853 ordinaverat.

351 1913 664 2014 [Antistrople
694 1911 755 2012 1.]

56 2033 159 2109 1335
184 2037 339 2132 Quando
358 2062 480 2107 cursus
497 2050 532 2106 et
548 2035 737 2104 errationis

105 2141 267 2212 Labores
282 2153 399 2209 mater
414 2139 526 2222 finiit,

107 2244 292 2336 Quaerens
306 2245 468 2326 labores,

105 2345 278 2418 Dolosam
294 2346 461 2437 rapinam
479 2342 591 2423 filiae,

104 2448 266 2520 Transiit
280 2449 424 2518 nivosas
684 2476 689 2485 ·

52 2549 154 2624 1340
180 2552 347 2642 Speculas
360 2544 602 2644 nympharum
617 2541 814 2616 ldaearum.
849 2607 852 2613 ,

103 2653 210 2722 Eiicit
225 2655 262 2722 in
282 2655 378 2724 luctu

104 2759 221 2826 Saltus
238 2756 276 2824 in
293 2756 442 2849 rupibus
460 2752 604 2822 nivosos
612 2751 679 2848 ⁷²),

102 2859 319 2929 Hominibus
336 2881 480 2946 campos
496 2869 612 2924 terrae
627 2853 702 2924 sine
717 2847 837 2920 herbis
856 2850 950 2921 fecit.

100 2960 183 3030 Non
201 2964 291 3030 dans
307 2962 460 3029 lructum
479 2958 723 3038 orationibus,

50 3061 152 3138 1345
178 3063 301 3133 Perdit
317 3086 426 3154 genus
445 3057 644 3130 hominum.

99 3167 184 3238 Non
199 3165 362 3235 mittebat
377 3186 498 3254 greges
517 3161 671 3252 vigentia

98 3267 314 3362 Pascua⁷⁹⁸)
331 3265 533 3358 graminum
553 3264 830 3354 implicatorum.

98 3372 298 3440 Multorum
314 3370 385 3437 vita
403 3367 549 3449 defecit,

98 3475 225 3568 Neque
242 3485 344 3542 erant
357 3471 531 3541 sacrificia
548 3465 727 3550 Deorum,

44 3574 150 3651 1350
175 3575 223 3646 Et
238 3574 436 3645 oblationes
453 3597 526 3642 non
546 3571 827 3641 incendebantur
843 3564 879 3631 in
898 3561 979 3672 aris.
1060 3637 1063 3652 ,¹

97 3679 145 3749 Et
162 3673 377 3768 prohibebat
392 3675 533 3745 roridos
551 3677 679 3744 sontes

97 3782 273 3850 Emittere
287 3780 453 3870 limpidas
470 3802 590 3870 aquas.

392 3905 699 4012 [31333130]

97 4033 430 4130 Postquam'bnivit
448 4030 657 4102 sacrificium

96 4139 177 4211 Diis
195 4151 231 4208 et
244 4135 470 4219 hominibus,

40 4240 150 4317 1355
175 4239 310 4334 lupiter
324 4241 468 4332 placans
489 4238 653 4307 infestam

96 4345 193 4415 lram
210 4343 356 4424 matris,
382 4342 485 4412 dicit:

98 4447 170 4532 lte,
197 4459 311 4518 castae
330 4438 513 4525 Charites,

94 4549 170 4634 lte,
198 4546 396 4638 devirgiue

94 4653 215 4724 lratae
236 4650 358 4723 Cereri

37 4758 151 4832 1360
176 4755 381 4827 Moerorem
395 4745 537 4820 eximite
554 4740 685 4812 sonitu.

94 4861 147 4933 Et
161 4884 245 4944 vos,
270 4857 413 4938 Musae,
439 4844 590 4919 chorum
607 4867 688 4914 cum
706 4838 869 4936 hymnis,

98 4964 146 5034 Et
160 4960 317 5034 sonitum
334 4956 426 5028 aeris
442 4961 665 5029 terrestrem,

35 5103 255 5124 *d*

74 5181 131 5246 ⁷2)
150 5173 444 5234 1111311-3133333,]
463 5163 696 5226 3131131111338,
718 5158 809 5221 13335
828 5156 901 5208 ltin:
920 5147 956 5204 ut
973 5161 1039 5214 pro·

115 5248 184 5300 lectt
200 5260 232 5298 se
251 5247 278 5296 in
298 5245 374 5294 tuctu
393 5247 485 5293 saxea
501 5247 584 5300 super
602 5236 702 5296 terque
719 5228 835 5287 nivosas

1121 431 1132 458 υ
1166 351 1214 422 Ε1
1228 367 1398 447 tympana
1415 355 1454 426 in
1471 357 1553 448 igne
1568 360 1661 431 sacta
1679 361 1830 454 accipite

1162 452 1422 530 Pulcherrima.
1473 461 1581 532 Tunc
1592 464 1749 556 primum
1767 465 1862 536 inter
1876 462 1972 536 Deos

1116 555 1214 630 1305
1238 558 1332 642 Risit
1346 559 1423 630 Dea
1437 559 1579 649 Venus,

1147 661 1210 730 -Et
1222 661 1359 754 accepit
1374 663 1413 732 in
1430 687 1558 738 manus

1161 764 1305 834 'libiam
1322 766 1480 858 graviter
1494 781 1701 853 sonantem,

1123 938 1126 944 ,
1160 863 1343 939 Delectata
1361 869 1421 939 illa
1442 871 1700 942 modulatione.

1397 1011 1718 1114 [Antistroplve
1741 1015 1807 1116 2]
1896 1068 1900 1074 ·

1159 1132 1261 1227 Quae
1276 1158 1351 1203 non
1363 1135 1417 1207 las
1434 1149 1487 1206 cst
1500 1162 1617 1232 neque
1633 1152 1795 1209 sanctum
1812 1150 1865 1210 est
1879 1139 2014 1228 lacere,

1021 1271 1025 1280 ·
1110 1235 1208 1306 1370
1233 1234 1425 1308 lucendisti
1439 1239 1477 1308 in
1492 1235 1670 1311 thalamis.

1156 1336 1275 1411 Habes
1289 1339 1515 1412 inimicitiam
1535 1365 1686 1433 magnae

1156 1439 1305 1526 Matris,
1331 1467 1353 1512 o
1368 1443 1462 1529 filia,
1486 1470 1567 1516 cum
1588 1441 1760 1516 sacrificia

1155 1541 1234 1616 Diis
1251 1567 1325 1614 non
1346 1546 1453 1618 colas.

1155 1645 1311 1718 Multum
1327 1659 1479 1740 possunt
1499 1641 1734 1720 hinnulorum

1106 1745 1204 1820 1375
1227 1748 1359 1818 Variae
1380 1751 1510 1841 pelles,
1602 1825 1605 1832 Ι

1153 1847 1201 1920 Et
1213 1846 1324 1921 herba
1342 1864 1513 1922 coronata
1531 1846 1665 1922 hedera

1152 1949 1194 2022 ln
1210 1979 1327 2026 sacras
1342 1956 1494 2038 ferulas,

1152 2053 1199 2124 Et
1214 2056 1472 2128 circumvoluta
1486 2050 1641 2125 rhombo

1151 2157 1345 2232 Concussio
1368 2155 1555 2240 aetherea,

1101 2261 1202 2334 1380
1223 2259 1271 2332 Ε1
1284 2259 1461 2334 bacchans
1476 2282 1580 2332 coma
1593 2251 1866 2342 bacchantium,
1896 2247 1901 2256 ’

1148 2361 1196 2434 Ε1
1211 2369 1380 2436 nocturni
1395 2388 1518 2438 cursus
1533 2358 1642 2430 Deae.

1148 2466 1246 2536 Bene
1270 2491 1349 2537 eam
1506 2465 1511 2472 ⁴

1149 2569 1305 2662 Supera,
1332 2568 1476 2651 oluna,
1543 2651 1546 2660 Ι

1146 2671 1279 2774 Forma
1297 2684 1436 2742 tanturn
1453 2665 1675 2761 gloriaberis.

1147 2820 1355 2921 [1131333
1393 2821 1758 2910 rteoetymenm,
1789 2816 2036 2902 Menelaus,

1262 2930 1441 3010 033333,
1469 2926 1681 3003 Neratius,
1716 2913 1925 3014 Gemini]

1098 3038 1195 3112 1385
1223 3049 1297 3114 Hel.
1327 3043 1436 3135 Quod
1455 3043 1499 3110 ad
1516 3064 1554 3107 ea
1573 3037 1720 3119 attinet,
1755 3059 1847 3128 quae
1873 3035 1969 3106 intus
1993 3053 2088 3123 sunt,

1209 3168 1213 3178 ·
1425 3146 1515 3213 bene
1532 3139 1715 3210 nobiscum
1733 3137 1870 3226 agitur,
1897 3160 1919 3206 3
1940 3140 2087 3236 amicae.

1087 3281 1089 3288 ·
1144 3247 1235 3319 Nam
1279 3248 1351 3318 lilia
1392 3245 1517 3315 Protei
1558 3229 1664 3310 stm'ul
1709 3239 1883 3309 adiuvans
1932 3254 2086 3312 vestram

1503 3343 1687 3427 fraudem,

1124 3451 1233 3538 ,Cum
1253 3450 1382 3523 viderit
1399 3475 1518 3521 meum
1534 3435 1705 3515 maritum
1722 3444 1862 3525 adesse,-

1143 3553 1228 3627 Non
1248 3555 1336 3625 dixit
1359 3553 1482 3639 fratri,
1521 3562 1556 3619 et
1586 3572 1692 3641 quem
1715 3567 1780 3636 ego
1803 3543 1877 3614 dixi
1902 3561 2085 3620 mortuum

1331 3671 1333 3676 ’
1502 3677 1595 3735 esse,

1141 3757 1234 3831 Eum
1248 3783 1324 3828 non
1342 3759 1428 3828 dicit
1443 3757 1563 3828 vivere
1580 3764 1731 3845 propter
1749 3774 1819 3819 me.

1095 3861 1193 3933 1390
1233 3861 1385 3932 Maritus
1417 3885 1516 3930 meus
1549 3854 1670 3946 rapuit
1700 3846 1940 3945 pulcherrima
1978 3873 2084 3920 oma-

1165 3971 1170 3984 ’
1499 3972 1631 4029 menta.
1878 3971 1881 3974 '

1143 4065 1236 4136 Nam
1254 4089 1373 4150 arma,
1401 4088 1493 4159 quae
1511 4063 1728 4133 demissurus
1744 4067 1820 4126 erat
1836 4053 1873 4122 in
1887 4075 2007 4137 mare,

1143 4165 1258 4253 llaec,
1285 4161 1480 4238 immittens
1498 4165 1681 4235 robustam
1698 4181 1846 4229 manrun
1863 4155 2025 4248 patae),

1140 4267 1218 4361 lpse
1234 4283 1375 4361 portat,
1400 4283 1435 4340 et
1451 4269 1627 4362 accipiens
1643 4267 1766 4332 dextra
1782 4258 1920 4331 hastam

1141 4372 1333 4466 Tanquam
1351 4373 1611 4444 sacrificaturus
1628 4379 1791 4448 mortuo,

1094 4473 1194 4548 1393
1217 4475 1343 4548 Ρ31133
1361 4477 1501 4570 paravit
1515 4493 1644 4567 corpus
1659 4470 1768 4540 armis
1784 4468 1830 4538 ad
1847 4487 2024 4556 pugnam,

1141 4579 1332 4674 Tanquam
1350 4581 1546 4652 multorum
1559 4572 1797 4648 barbarorum
1811 4582 1958 4657 tropaea
1972 4585 2082 4632 manu

1142 4683 1408 4768 Collocaturus,
1435 4685 1581 4778 quando
1602 4678 1855 4748 descendemus
1878 4669 1916 4734 in
1938 4688 2081 4750 navem,
2126 4710 2130 4716 »

1498 4807 1589 4876 quae
1606 4778 1715 4848 remis
1729 4776 1858 4866 agitur.

1141 4887 1296 4958 Mutavit
1320 4897 1449 4956 vestem
1474 4909 1542 4977 pro
1567 4888 1682 4962 veste,
1723 4901 1814 4971 quae
1837 4883 2003 4960 corrupta
2031 4880 2082 4972 est

1502 4984 1728 5074 navigando,
2074 4972 2084 4980 ”

1124 5229 1171 5295 73)
1189 5227 1339 5279 tramittem
1358 5249 1388 5261 -
1407 5225 1500 5288 palo,]
1523 5217 1774 5280 sicutissime,
1791 5214 1893 5276 ·¹5ea.;
1926 5210 2010 5262 natu.
2032 5219 2082 5259 re-

73 5337 157 5394 721)
175 5332 372 5386 Norantttebat
388 5353 422 5366 -
438 5319 559 5388 Pascua]
577 5314 817 5378 313111031338,
835 5309 929 5370 13331
948 5311 1039 5372 utrm,
1159 5301 1246 5352 cent:
1279 5293 1402 5346 inmissa
1424 5296 1540 5346 robuste
1562 5288 1654 5352 [lest
1680 5287 1762 5348 torti]
1785 5296 1866 5337 manu
1887 5283 1915 5332 tn
1933 5279 2004 5330 scuti
2021 5287 2082 5330 rut·

116 5407 241 5468 munga:
269 5399 406 5464 oreguus
425 5405 492 5445 vcro
511 5403 566 5442 non
584 5388 725 5439 emittebat
742 5385 817 5436 laete
833 5378 938 5431 Pabula

38 5491 237 5558 uncam.
261 5486 368 5549 0333.
390 5479 476 5544 Vot.
494 5473 621 5545 svm.

1159 5366 1302 5432 nubrtnn,

1570 5429 1620 5502 62
