4700 5808
198 183 326 309 ω’

197 429 314 500 posse.
365 403 471 478 Nunc
484 427 571 474 vero
587 403 768 489 remedia,
795 429 887 499 quae
903 415 1056 476 naturae
1072 403 1199 476 ordine

75 544 78 554 ·
201 507 401 582 contrarias
427 507 631 578 ellectiones
653 503 809 588 habent,
843 511 1001 580 secundo
1029 507 1095 580 fati
1122 509 1203 578 loco

198 625 395 705 ponentes,
428 611 734 703 praedictionibus
757 612 800 680 ad
823 637 928 683 usum
953 611 1115 682 omnium
1141 613 1204 680 ad·

201 715 412 786 iunxerunt:
440 738 595 808 quorum
614 715 816 784 doctrinam
834 725 965 784 vocant
980 713 1203 784 coniunctio·

200 839 283 888 nem
301 815 499 886 medicinae
516 828 551 885 et
565 813 859 901 mathematicae,
892 829 933 886 ut
956 839 999 886 er
1021 829 1202 889 astrorum

201 918 506 1013 contemplatione
521 931 817 1012 temperamenta,
841 930 876 990 et
889 921 1029 992 staturos
1043 931 1203 1004 eventus,

202 1037 238 1094 et
259 1023 425 1116 proprias
451 1047 575 1092 corum
599 1047 722 1094 causas
743 1023 954 1094 iudicarent.
990 1019 1099 1116 (Nam
1124 1021 1202 1092 sine

200 1121 333 1197 horum
363 1125 568 1218 cognitione
599 1149 704 1217 saepe
734 1125 841 1196 etiam
871 1125 1029 1196 remedia
1060 1126 1202 1210 fallunt,

203 1251 284 1301 cum
315 1251 390 1298 non
417 1229 584 1298 omnibus
614 1229 827 1320 corporibus
853 1241 889 1298 et
913 1227 1050 1300 morbis
1075 1228 1200 1300 eadem

204 1331 433 1426 congruant.)
486 1333 535 1402 At
558 1355 601 1400 ex
623 1331 760 1401 medica
788 1343 864 1401 arte
887 1329 1092 1403 aversiones
1107 1333 1203 1402 sutu-

202 1455 328 1506 rorum
349 1434 560 1502 morborum
586 1443 621 1502 et
641 1433 799 1504 remedia
821 1435 1062 1528 praesentium
1085 1459 1203 1506 sume-

203 1551 305 1624 rent,
331 1557 405 1606 non
421 1535 602 1620 fallentia,
629 1549 805 1632 quantum
824 1538 902 1607 lieri
919 1549 1057 1630 potest,
1084 1563 1126 1608 ex
1146 1537 1203 1621 iis,

205 1663 298 1736 quae
315 1639 464 1731 singulis
479 1652 683 1730 congruunt
696 1652 759 1710 aut
774 1640 1022 1712 adversantur.

306 1742 405 1811 Haec
420 1741 578 1812 breviter
595 1735 767 1814 hactenus
789 1744 882 1812 dicta
901 1755 1003 1824 sunt;
1036 1741 1204 1833 deinceps

204 1867 292 1916 vero
311 1857 500 1938 praecepta
516 1846 720 1930 trademus,
746 1858 787 1916 ut
803 1846 840 1914 in
856 1847 1019 1917 docendo
1042 1844 1122 1915 lieri
1146 1869 1203 1915 so·

204 1949 275 2032 let,
302 1948 518 2018 ordientesa
539 1948 743 2019 coelestium
769 1949 940 2043 qualitate
961 1950 1058 2020 iuxta
1083 1948 1204 2017 obser-

205 2051 370 2122 vationes
387 2063 570 2134 veterum,
597 2052 641 2120 ad
659 2047 845 2146 physicam
867 2053 1048 2122 rationem
1074 2073 1204 2119 conve-

205 2153 357 2226 nientes.
408 2155 462 2224 Ac
487 2153 646 2244 primum
672 2155 717 2224 de
739 2154 923 2226 stellarum
949 2154 1146 2224 errantium
1169 2165 1205 2222 et

205 2255 299 2329 Solis
315 2270 351 2328 et
365 2254 491 2327 Lunae
507 2267 683 2348 potestate
701 2251 876 2330 dicemus.

371 2429 427 2498 De
450 2427 626 2500 mliorem
649 2431 843 2500 montium
863 2435 1037 2517 maestae.

309 2559 479 2646 Constat,
513 2561 633 2632 Solem
656 2561 730 2631 vim
754 2556 888 2631 habere
913 2561 1143 2633 calefaciendi
1170 2574 1206 2632 et

204 2667 392 2736 moderate
406 2665 627 2735 desiccandi:
648 2689 739 2759 quae
756 2663 959 2736 effectiones
972 2665 1111 2738 facilius
1124 2689 1204 2756 per·

205 2769 389 2860 cipiuntur
403 2778 552 2858 propter
571 2765 646 2836 eius
661 2765 968 2858 magnitudinem,
1002 2779 1038 2836 et
1060 2768 1205 2837 eviden-

204 2883 257 2942 tes
273 2869 492 2941 mutationes
506 2869 545 2939 in
568 2869 656 2938 anui
678 2868 826 2941 vicibus.
885 2867 969 2964 Quo
995 2869 1090 2939 enim
1118 2895 1205 2962 pro·

203 2975 286 3068 pius
301 2975 348 3044 ad
364 2973 533 3044 verticem
550 2985 714 3043 nostrum
739 2971 896 3058 accedit,
928 2996 971 3043 eo
993 2973 1108 3065 magis
1131 2975 1205 3043 effi-

205 3078 254 3148 cit
277 3078 434 3148 calorem
456 3089 492 3146 et
512 3075 721 3148 siccitatem.
786 3072 889 3146 Luna
915 3099 1002 3146 vero
1026 3077 1205 3148 antecellit

203 3177 467 3265 humectando,
494 3179 577 3275 quia
595 3192 713 3251 terrae
733 3178 898 3271 proxima
923 3192 995 3266 est,
1029 3192 1065 3250 et
1086 3173 1208 3252 vicina'

203 3281 363 3356 humidis
388 3283 596 3376 vaporibus.
658 3280 847 3353 Manifeste
869 3281 978 3374 igitur
1000 3279 1071 3354 hoc
1092 3286 1204 3355 modo

205 3399 242 3460 et
262 3409 416 3480 corpora
440 3386 580 3470 adficit,
619 3385 743 3454 mollia
775 3385 912 3470 reddit,
952 3398 987 3457 et
1014 3387 1206 3479 putrefacit

204 3491 439 3586 plerumque;
467 3488 729 3583 aliquantulum
749 3512 833 3559 vero
860 3499 895 3557 et
916 3488 1095 3574 calefacit,
1121 3514 1205 3584 pro·

203 3605 327 3689 pterea
344 3591 478 3686 quoda
495 3591 577 3662 Sole
594 3592 716 3661 lumen
733 3591 871 3684 accipit.
933 3590 1109 3664 Saturnus
1129 3617 1206 3662 ma-

114 3769 127 3778 „
205 3697 259 3792 gis
274 3695 472 3789 frigefacit,
496 3707 532 3766 et
547 3695 809 3789 aliquantulum
827 3693 997 3779 desiccat,
1025 3695 1108 3790 quia
1126 3697 1205 3766 lon-

205 3801 367 3895 gissime,
393 3812 435 3868 ut
448 3797 609 3882 videtur,
636 3819 654 3866 a
672 3797 790 3867 calore
802 3795 900 3868 Solis
922 3809 957 3868 et
980 3798 1026 3867 ab
1047 3793 1205 3873 humidis

204 3903 402 3997 vaporibus
424 3903 544 3974 distat.
610 3899 800 3971 Caeterum
823 3899 970 3970 Saturni
993 3912 1029 3971 et
1052 3903 1204 3976 aliarum

204 4009 389 4080 stellarum
417 4005 513 4077 vires
541 4003 809 4076 constituuntur
838 4028 906 4098 pro
934 4003 1108 4076 varietate
1143 4008 1206 4077 ad-

205 4120 391 4203 spectuum
413 4108 506 4180 Solis
522 4121 557 4178 et
575 4106 714 4180 Lunae.
766 4107 859 4180 Nam
877 4111 1073 4180 secundum
1091 4111 1205 4203 magis

206 4223 242 4302 et
258 4211 398 4294 minus,
427 4207 560 4280 horum
585 4211 772 4302 adspectus
798 4211 889 4281 aeris
912 4211 1203 4285 constitutionem

205 4314 361 4386 variant.
394 4311 501 4384 Stella
517 4310 612 4382 lovis
628 4325 850 4403 temperatae
865 4326 1015 4383 naturae
1034 4329 1097 4399 est,
1124 4342 1203 4387 cum

205 4417 323 4489 media
352 4418 488 4487 feratur
519 4417 614 4485 inter
634 4414 829 4485 Saturnum
860 4415 1139 4508 frigefacientem
1171 4432 1206 4488 et

204 4521 361 4594 Martem
379 4533 555 4591 urentem.
608 4517 779 4590 Calefacit
803 4531 922 4588 autem
947 4531 982 4589 et
1002 4514 1205 4602 humectat;

205 4629 267 4698 scd
289 4623 374 4719 quia
399 4623 629 4694 calefaciendi
654 4621 707 4692 vis
732 4621 929 4708 antecellit,
969 4623 1136 4694 foecundi
1160 4625 1205 4694 ab

206 4755 249 4800 eo
266 4727 363 4798 venti
378 4727 590 4798 excitantur.

308 4827 350 4899 ln
383 4834 483 4903 stella
519 4828 647 4899 Martis
680 4826 858 4896 antecellit
896 4826 950 4898 vis
983 4825 1205 4918 desiccandi,

206 4933 314 5006 simul
330 4946 449 5004 autem
463 4934 555 5017 urit,
587 4933 678 5004 sicut
701 4930 866 5024 congruit
887 4928 992 5020 igneo
1012 4929 1122 5020 ipsius
1146 4952 1206 4998 co-

191 5038 296 5119 lori,
325 5048 361 5105 et
376 5037 469 5108 Solis
485 5036 680 5120 vicinitati,
715 5057 795 5104 cum
811 5033 973 5125 proxime
991 5033 1023 5102 ei
1037 5031 1130 5102 Solis
1146 5055 1204 5104 or-

205 5141 260 5213 bis
275 5138 453 5212 subiectus
471 5139 528 5209 sit.

310 5243 417 5314 Stella
440 5238 609 5324 Veneris,
648 5239 747 5334 quod
772 5238 818 5307 ad
841 5249 1076 5330 temperatam
1098 5246 1204 5305 uatu-

206 5369 286 5416 rom
310 5345 457 5430 attinet,
495 5344 623 5416 similis
645 5355 697 5412 est
717 5339 831 5426 lovis,
867 5342 928 5410 sed
950 5363 1122 5409 converso
1145 5361 1203 5406 or·

207 5449 304 5524 dine.
363 5447 441 5522 Etsi
464 5447 560 5519 enim
584 5443 764 5530 calefacit,
797 5443 880 5540 quia
897 5441 974 5514 Soli
995 5441 1112 5512 vicina
1138 5451 1203 5527 est,

780 225 906 306 Plllb.
937 225 1053 306 Mille.
1085 225 1290 304 SCRIPTA
1327 225 1668 306 PHILOLOGICA.

2204 227 2257 304 20

1251 417 1374 474 tamen
1404 404 1524 475 minus
1553 403 1714 474 calefacit
1744 429 1851 499 quam
1874 399 2026 496 Iupiter,
2071 413 2107 471 et
2137 399 2257 492 magis

1250 504 1454 591 humectat,
1484 509 1576 579 sicut
1598 522 1632 578 et
1647 505 1773 593 Luna,
1799 521 1949 602 propter
1965 503 2253 597 magnitudinem

1253 611 1415 704 corporis
1430 611 1505 695 sui,
1531 607 1715 682 attrahens
1731 607 1900 682 humidos
1923 633 2076 703 vapores
2100 631 2143 678 er
2164 605 2254 678 locis

1252 727 1369 786 terrae
1386 713 1525 786 vicinis.

1346 815 1527 900 ,Mercurii
1551 817 1649 888 stella
1674 819 1747 888 fere
1770 839 1894 910 parem
1919 817 1991 885 vim
2017 811 2146 898 habet,
2187 813 2255 882 ali-

1254 921 1400 1014 quando
1424 919 1463 987 in
1483 921 1694 991 desiccando
1718 934 1753 991 et
1773 919 2006 990 absorbendis
2026 915 2255 988 humiditati-

1253 1023 1340 1106 bus,
1368 1023 1451 1116 quia
1468 1047 1654 1120 nunquam
1673 1047 1694 1092 a
1712 1023 1793 1093 Sole
1808 1023 1935 1115 procul
1951 1023 2105 1104 recedit,
2127 1043 2255 1090 secun-

1254 1126 1341 1196 dum
1357 1126 1640 1217 longitudinem
1673 1126 1868 1221 aliquando
1884 1149 1971 1196 vero
1988 1125 2027 1194 in
2042 1121 2256 1196 humectan-

1253 1230 1322 1312 do,
1349 1230 1433 1322 quia
1449 1229 1586 1301 vicinus
1605 1243 1657 1302 est
1671 1225 1816 1312 Lunae,
1847 1253 1940 1322 quae
1953 1242 2070 1298 terrae
2087 1225 2256 1320 proxima

1254 1342 1318 1403 est.
1370 1331 1513 1404 Subitas
1534 1348 1653 1403 autem
1678 1333 1895 1404 mutationes
1921 1332 2028 1402 efficit
2053 1331 2092 1399 iu
2115 1343 2257 1402 utram-

1255 1457 1324 1528 que
1340 1445 1500 1527 partem,
1527 1437 1696 1508 incitatus
1714 1435 1894 1505 celeritate
1910 1460 1995 1522 sua,
2022 1457 2092 1528 qua
2108 1427 2257 1502 vehitur

1255 1537 1346 1607 circa
1363 1536 1495 1608 Solem.

1357 1639 1455 1710 llaec
1470 1667 1550 1712 cum
1576 1641 1624 1710 ita
1648 1666 1685 1712 se
1710 1637 1886 1726 habeant,
1919 1662 2072 1733 cumque
2097 1649 2257 1734 quatuor

1255 1741 1327 1813 sint
1340 1738 1530 1830 humores,
1556 1745 1628 1814 duo
1644 1743 1810 1814 foecundi
1827 1755 1863 1812 et
1876 1741 2028 1826 vivifici,
2059 1741 2195 1809 calidus
2219 1751 2259 1808 et

1256 1840 1445 1927 humidus;
1470 1871 1535 1940 per
1553 1843 1620 1918 hos
1644 1848 1739 1917 cuim
1765 1847 1887 1917 omnia
1913 1841 2116 1915 coalescunt
2139 1856 2175 1912 et
2194 1865 2259 1912 ro-

1255 1949 1444 2021 borantur.
1494 1949 1653 2020 Econtra
1667 1975 1754 2020 vero
1771 1952 1843 2020 duo
1859 1949 1930 2022 sint
1955 1947 2114 2018 exitiales
2139 1957 2174 2014 et
2192 1943 2260 2013 de-

1256 2052 1479 2135 trimentosi,
1519 2053 1671 2145 frigidus
1694 2066 1729 2121 et
1748 2053 1881 2137 siccus,
1918 2074 1984 2144 per
2012 2073 2101 2144 quos
2126 2047 2254 2116 omnia

1256 2155 1476 2246 dissipantur
1508 2169 1544 2225 et
1573 2155 1852 2236 interficiuntur;
1899 2153 2049 2224 tradidit
2083 2163 2260 2236 vetustas,

1256 2259 1432 2330 beneficas
1446 2283 1520 2329 esse
1534 2262 1622 2329 duas
1638 2251 1775 2344 stellas,
1802 2257 1923 2328 lovem
1940 2270 1975 2327 et
1988 2255 2184 2333 Venerem3
2219 2267 2259 2324 et

1257 2374 1401 2453 praeter
1417 2355 1494 2444 has,
1518 2360 1673 2445 Lunam,
1698 2377 1848 2455 propter
1863 2372 2081 2453 temperatas
2092 2371 2256 2442 naturas,

1258 2464 1341 2560 quia
1358 2464 1555 2535 exuberant
1570 2465 1608 2534 in
1625 2466 1675 2534 eis
1690 2466 1788 2535 calor
1805 2478 1840 2534 et
1852 2459 1997 2535 humor.
2054 2459 2256 2532 Saturnum

1257 2591 1343 2637 vero
1358 2579 1393 2636 et
1406 2565 1561 2638 Martem
1589 2569 1818 2640 tradiderunt
1845 2592 1919 2638 esse
1942 2565 2142 2650 maleficos,
2168 2565 2258 2661 quia

1256 2669 1330 2738 vim
1348 2671 1567 2740 contrariam
1584 2667 1737 2755 habent,
1769 2672 1859 2740 alter
1870 2666 2135 2762 frigefaciendi,
2161 2669 2258 2738 alter

1256 2770 1471 2844 desiccandi.
1536 2773 1655 2844 Solem
1688 2798 1775 2843 vero
1801 2787 1837 2844 et
1860 2771 2081 2842 Mercurium
2102 2783 2258 2864 propter

1257 2899 1485 2947 communem
1500 2888 1668 2946 naturam
1687 2877 1830 2948 effectus
1845 2877 1883 2944 in
1899 2887 2090 2972 utramque
2113 2889 2260 2968 partem

1256 2972 1406 3063 habere,
1448 2991 1484 3048 et
1513 2981 1786 3051 accommodare
1808 3005 1909 3052 suam
1934 2992 2104 3050 naturam
2127 2980 2173 3050 ad
2196 3003 2260 3051 eas

1256 3082 1393 3167 stellas,
1417 3106 1496 3152 cum
1516 3083 1644 3178 quibus
1658 3096 1763 3169 suut,
1789 3095 1963 3178 tauquam
1979 3082 2132 3154 medios.

1426 3242 1482 3308 De
1502 3239 1702 3310 masculinis
1725 3249 1759 3311 ee
1779 3237 1941 3330 femineis
1960 3237 2079 3310 uetus.

1358 3372 1498 3444 Rursus
1521 3397 1600 3444 cum
1624 3373 1697 3444 duo
1719 3371 1884 3467 primarii
1907 3397 2009 3444 sexus
2033 3371 2122 3458 siut,
2160 3397 2259 3446 mas-

1258 3475 1396 3547 culinus
1420 3489 1455 3546 et
1475 3477 1670 3561 femineus,
1711 3477 1764 3548 vis
1786 3477 1990 3561 stellarum,
2032 3497 2121 3570 quas
2144 3502 2258 3570 supra

1257 3580 1440 3663 recensui,
1473 3575 1657 3650 humidior
1678 3579 1844 3670 congruit
1865 3581 1911 3648 ad
1932 3579 2125 3649 femineam
2149 3593 2260 3652 natu-

1257 3707 1349 3755 ram.
1391 3681 1486 3753 Nam
1500 3683 1655 3752 feminea
1672 3677 1922 3753 universaliter
1935 3678 2141 3753 humidiora
2159 3697 2263 3772 suut,

1258 3785 1409 3856 calidior
1436 3807 1523 3854 vero
1560 3785 1725 3876 congruit
1760 3785 1806 3854 ad
1842 3785 2081 3857 masculinum
2119 3811 2260 3862 sexum.

1259 3889 1381 3982 Quare
1396 3887 1651 3959 convenienter
1666 3886 1769 3959 Luna
1794 3900 1830 3957 et
1842 3886 1964 3961 Venus
1985 3889 2155 3958 dicuntur
2178 3914 2257 3962 esse

1257 3991 1434 4063 femineae
1449 3991 1591 4077 stellae,
1618 3991 1702 4090 quia
1721 3987 1916 4063 humiditas
1938 3992 1975 4060 iu
2002 3990 2257 4076 eis.abundat;

1258 4094 1321 4165 Sol
1334 4107 1472 4178 autem,
1499 4108 1535 4165 et
1554 4093 1729 4167 Saturnus
1753 4107 1788 4164 et
1801 4093 1936 4187 lupiter
1957 4104 1992 4164 et
2006 4093 2126 4180 Mars,
2160 4120 2259 4168 mas-

1258 4197 1340 4270 culi.
1391 4196 1592 4270 Mercurius
1609 4221 1695 4268 vero
1712 4197 1890 4290 particeps
1907 4210 1960 4268 est
1983 4199 2169 4292 utriusque
2190 4225 2259 4269 na-

1258 4313 1380 4384 turae,
1406 4326 1486 4371 cum
1504 4301 1640 4395 pariter
1663 4313 1698 4370 et
1719 4299 1893 4372 siccitates
1917 4313 1953 4371 et
1974 4295 2206 4374 humiditates
2222 4303 2259 4400 ⁸)

1258 4403 1398 4474 efficiat.

1359 4505 1538 4576 Dicuntur
1560 4519 1678 4577 autem
1702 4503 1823 4578 stellae
1848 4518 1883 4575 et
1903 4504 1976 4574 vim
2000 4507 2194 4578 masculam
2221 4523 2262 4580 et

1256 4608 1448 4678 femineam
1464 4609 1622 4703 recipere
1639 4610 1814 4701 apositu,
1841 4634 1948 4704 quem
1970 4603 2105 4679 habent
2130 4612 2175 4679 ad
2190 4611 2261 4680 So-

1257 4714 1340 4783 lem.
1392 4709 1545 4784 Masculi
1560 4713 1655 4782 enim
1669 4725 1753 4782 sunt
1766 4713 1951 4804 planetae,
1978 4735 2057 4782 cum
2075 4727 2159 4784 sunt
2171 4713 2259 4800 Eoi,

1258 4839 1298 4884 ac
1314 4813 1432 4886 Solem
1452 4817 1683 4896 antecedunt;
1711 4829 1856 4886 econtra
1872 4839 1957 4884 vero
1974 4816 2138 4900 feminei,
2172 4842 2259 4888 cum

1257 4930 1341 4989 sunt
1357 4919 1552 5010 vespertini
1569 4931 1603 4989 et
1619 4934 1806 5014 sequentes
1820 4917 1952 4989 Solem.

1360 5021 1499 5091 Deinde
1529 5035 1564 5092 et
1595 5045 1662 5115 pro
1693 5022 1812 5114 positu
1835 5024 1881 5090 ad
1902 5015 2127 5090 horizontem
2152 5021 2259 5092 diffe-

1256 5137 1353 5194 runt.
1421 5123 1570 5196 Masculi
1594 5138 1697 5209 stant,
1729 5126 1828 5194 velut
1850 5123 2060 5208 orientales,
2100 5125 2138 5194 in
2165 5149 2260 5222 qua-

1256 5229 1383 5297 drante
1400 5229 1444 5296 ab
1460 5241 1543 5300 ortu
1558 5231 1603 5298 ad
1621 5227 1780 5298 medium
1796 5227 1907 5312 coeli,
1930 5238 1966 5295 et
1986 5225 2033 5294 ab
2053 5249 2181 5300 occasu
2206 5231 2260 5300 acl

1288 5399 1322 5456 ὅ)
1341 5397 1531 5456 tuutdttates]
1556 5393 1598 5446 sto
1620 5393 1782 5458 rertpstrros
1804 5412 1840 5440 =
1862 5393 1934 5446 Ptol.
1958 5389 2004 5458 τῆς
2027 5387 2115 5460 clypeis
2137 5382 2260 5462 odrice}

1325 5467 1375 5522 ut.
1390 5465 1466 5519 ¹56³.
1485 5478 1584 5517 errore
1601 5465 1730 5532 typogt.:
1755 5463 1931 5516 humilitates.
