4700 5808
233 261 314 340 115·

231 437 392 508 minatur
406 434 511 505 annis
525 432 768 524 undeviginti,
800 447 836 503 et
851 435 951 504 addit
966 433 1107 504 animae
1124 436 1228 530 qnid-

232 543 316 612 dam
341 535 471 621 herile,
511 549 547 605 et
574 535 804 606 autoritatem
825 550 860 606 et
881 537 1092 627 gravitatem
1117 539 1228 609 actio·

232 665 340 723 num,
362 652 398 709 ct
413 639 644 732 cupiditatem
663 637 798 729 gloriae
815 651 850 708 et
864 637 1005 710 honesti
1026 652 1158 724 status,
1193 653 1228 710 et

233 743 424 814 transitum
455 766 475 809 a
504 740 598 810 ludis
623 753 659 808 et
683 739 985 838 incomposittsss)
1009 742 1169 812 moribus
1193 753 1229 810 et

234 843 411 918 accersitis
428 843 535 928 vitiis,
561 845 607 912 ad
622 843 861 929 severitatem,
885 843 1097 914 modestiam
1114 856 1150 914 et
1166 867 1229 936 ap-

233 939 443 1040 petitionem
465 941 659 1015 bonorum.

336 1049 493 1141 Quintus
509 1071 595 1116 vero
613 1047 711 1117 Mars
725 1045 867 1115 virilem
889 1059 1041 1116 aetatem
1058 1047 1150 1137 regit
1166 1069 1230 1113 an-

233 1175 300 1224 nos
325 1149 551 1245 qm'ndeeim,
594 1149 690 1218 insta
715 1171 815 1220 suam
836 1149 1046 1239 periodum
1090 1149 1229 1219 etfacit

235 1253 375 1322 animos
392 1251 547 1321 acriores
564 1263 600 1320 et
612 1251 777 1319 laborum
800 1251 1072 1334 tolerantiores,
1108 1265 1143 1321 et
1167 1275 1229 1320 au-

235 1367 295 1446 get
316 1352 572 1424 sollicitudines
595 1364 631 1422 et
650 1351 832 1422 molestias
857 1353 969 1422 animi
993 1367 1028 1422 et
1055 1353 1229 1446 corporis,

235 1481 277 1531 ac
306 1479 446 1526 sensum
477 1453 572 1522 indit
600 1467 636 1522 et
663 1454 938 1545 cogitationem,
975 1457 1091 1550 qualis
1114 1469 1167 1526 est
1191 1454 1229 1522 in

235 1570 351 1630 aetate
369 1580 505 1648 egressa
523 1555 595 1623 iarn
611 1556 845 1647 praecipuum
860 1558 1035 1648 vigorem,
1051 1572 1086 1628 et
1100 1581 1229 1627 acuens

236 1661 281 1730 ad
295 1661 491 1749 gerendum
507 1657 644 1751 aliquid
661 1672 864 1730 memoratu
887 1661 1056 1749 dignuin,
1091 1673 1126 1730 et
1149 1683 1229 1728 cum

235 1763 358 1834 labore
383 1759 668 1852 suscipiendum,
706 1775 899 1857 antequam
923 1763 1073 1855 propius
1095 1761 1232 1832 accedit

338 1965 463 2035 Sextus
482 1959 618 2054 lupiter
644 1964 736 2054 regit
757 1977 935 2035 senectam
959 1989 1074 2036 annos
1097 1967 1233 2036 duode-

237 2069 326 2152 cim,
352 2066 449 2136 iuxta
464 2089 569 2135 suum
587 2065 794 2150 circuitum,
829 2091 870 2137 ac
889 2069 975 2138 iacit
999 2069 1157 2139 aversari
1180 2069 1232 2136 la-

236 2173 342 2242 bores
370 2167 600 2260 propriarum
627 2171 820 2253 manuum,
854 2171 1031 2254 difficiles,
1062 2171 1232 2240 molestos

238 2287 274 2344 et
288 2271 527 2365 periculosos;
559 2282 595 2339 ct
615 2271 760 2341 adducit
781 2272 1013 2362 gravitatem,
1040 2273 1233 2364 providen-

237 2377 346 2459 tiam,
380 2395 541 2442 amorem
566 2397 810 2457 successuum,
841 2374 1063 2466 diligentiam
1088 2376 1126 2443 in
1148 2399 1233 2444 con-

238 2478 318 2550 silio
338 2475 534 2566 capiendo,
567 2475 606 2542 in
628 2476 936 2547 admonitionibus
959 2491 995 2546 et
1018 2475 1232 2548 consolatio·

237 2581 362 2663 nibus,
388 2601 511 2648 curam
529 2577 653 2647 tuendi
667 2573 817 2649 honoris
831 2590 867 2648 et
879 2580 1015 2668 laudis,
1039 2578 1233 2650 liberalita-

238 2695 332 2766 tem,
358 2679 596 2750 reverentiam
614 2689 649 2747 et
664 2681 903 2751 sanctitatem.

341 2783 549 2852 Postremus
574 2793 627 2850 est
651 2780 847 2865 Saturnus,
891 2780 954 2875 qni
983 2781 1162 2850 ultimam
1180 2805 1234 2851 se-

238 2897 380 2956 nectam
397 2881 509 2972 regit‚
536 2905 617 2952 eum
632 2880 703 2950 iam
721 2883 836 2951 nimio
860 2884 994 2973 frigore
1014 2883 1176 2974 corporis
1197 2895 1234 2952 et

240 2989 382 3057 animae
407 2996 526 3054 motus
548 2980 816 3076 impediuntur,
856 2985 895 3054 in
919 2985 1089 3069 audacia,
1132 2986 1234 3054 volu-

238 3105 337 3186 ptate
370 3089 533 3160 ciborum
566 3101 603 3156 et
634 3086 795 3158 libidine.
872 3088 1068 3182 Postquam
1103 3100 1231 3157 natura

241 3195 372 3266 amisso
388 3191 511 3282 vigore
529 3187 604 3260 tarn
621 3190 784 3260 celeriter
797 3190 935 3276 deficit,
958 3203 993 3261 et
1006 3192 1133 3261 arescit
1157 3213 1235 3259 cor-

240 3321 337 3392 pus,
354 3309 390 3366 et
405 3293 541 3364 accedit
554 3293 719 3376 tristitia,
751 3293 923 3364 etfacilis
947 3305 999 3363 est
1024 3293 1174 3364 offensio
1201 3303 1236 3362 et

240 3421 372 3490 magna
401 3395 611 3477 morositas,
649 3407 798 3486 propter
825 3409 990 3465 motuum
1014 3396 1236 3466 imbecillita-

242 3515 348 3584 tem,
373 3497 558 3590 propriam
591 3496 644 3564 illi
673 3497 794 3566 aetati.
853 3497 951 3566 llaec
972 3511 1056 3568 sunt
1077 3509 1234 3568 aetatum

243 3600 467 3682 discrimina,
492 3600 531 3666 in
549 3621 678 3690 genere
691 3599 928 3670 considerata.

343 3701 582 3774 Particulares
612 3725 698 3770 vero
731 3699 1006 3790 significationes
1042 3703 1236 3772 sumendae

190 3793 198 3806 ⁵
243 3805 534 3883 suntsecnndum
551 3825 652 3874 suam
677 3803 847 3898 cuiusque
869 3804 1034 3895 genesin,
1067 3815 1234 3895 utsupra

244 3907 451 4000 desingulis
466 3907 560 3976 vitae
576 3905 743 3997 gradibus
760 3917 793 3975 et
811 3907 1051 3977 accidentibus
1067 3905 1160 3991 dixi,
1195 3931 1237 3974 ex

245 4013 325 4082 loco
345 4009 566 4082 dimissionis
589 4010 795 4091 radiorum,
831 4021 871 4078 ut
892 4012 936 4079 de
959 4011 1055 4079 ritae
1075 4022 1236 4100 ternpore

246 4115 378 4182 dictum
395 4126 459 4184 est.
502 4113 742 4204 Spectandum
759 4111 942 4197 videlicet,
969 4113 1113 4208 quando
1130 4111 1237 4203 signi-

246 4218 372 4285 ficator
387 4217 528 4284 adeum
549 4215 667 4284 locum
683 4215 881 4304 perveniat.

248 4353 254 4362 ·
272 4345 288 4371 -·
312 4349 316 4357 ·
349 4319 402 4386 Ac
415 4337 457 4384 ert
472 4311 673 4405 horoscopo
690 4316 734 4384 de
750 4314 952 4384 valetudine
976 4327 1011 4383 et
1031 4314 1237 4408 peregrina-

124 4458 128 4468 *
171 4493 178 4510 ¹
246 4419 345 4488 tione
361 4418 590 4486 iudicandum
607 4417 693 4496 erit;
728 4419 773 4485 de
792 4415 1037 4499 facultatibus,
1069 4430 1237 4507 exparte

245 4524 432 4599 loctunam
459 4543 501 4588 ex
522 4517 648 4589 Lunae
671 4519 811 4609 positu,
845 4519 890 4587 de
913 4517 1054 4586 animae
1075 4519 1238 4589 moribus

246 4617 587 4702 ct·cenversatione;
614 4645 655 4690 ex
671 4621 763 4691 Solis
777 4622 917 4713 positu,
943 4622 987 4688 de
1008 4620 1180 4711 dignitate
1197 4623 1238 4689 'et

247 4728 379 4820 glerim
416 4740 453 4796 at
465 4751 508 4796 ex
523 4725 643 4794 medio
662 4724 771 4807 coeli,
797 4728 841 4794 de
856 4723 1004 4793 caeteris
1018 4723 1113 4792 vitae
1129 4722 1239 4792 actio·

247 4833 376 4913 bilme,
400 4832 444 4900 de
461 4829 643 4910 amicitiis,
669 4827 975 4917 deprocreatione
991 4826 1200 4896 liberorum.

251 4959 290 4990 -=·
313 4953 318 4983 t
349 4933 541 5003 lionenim
560 4932 629 5002 erit
643 4953 712 4999 una
727 4931 882 4998 benefica
900 4929 999 5000 stella
1018 4929 1238 4998 dominatrix

248 5027 373 5106 eodem
405 5049 586 5125 tempore,
630 5058 710 5102 cum
741 5025 854 5102 niulta
888 5044 1104 5101 concurrant
1132 5032 1239 5102 simul

248 5135 428 5208 bonuaria
447 5137 655 5206 accidentia.
700 5126 751 5205 Ut
764 5136 910 5229 quando
929 5134 1057 5228 aliquis
1073 5137 1239 5228 amittens

249 5253 460 5333 cognatum,
497 5237 624 5330 accipit
647 5233 941 5318 haereditatem·
963 5249 1026 5307 aut
1050 5249 1239 5328 aegrotans

251 5365 548 5475 mosibo]
573 5401 614 5452 sio
637 5401 798 5464 scripsimus
824 5420 858 5446 =
884 5401 1000 5458 Ptolem.
1023 5393 1240 5468 ἄκαπάστάτωνς

256 5481 262 5489 ”
296 5479 369 5533 ¹tto.
384 5473 458 5528 test.
476 5483 574 5525 errore
590 5475 720 5538 typogra
745 5471 916 5562 inconpotis.

811 261 936 336 rntn.
969 211 1084 336 nur.
1115 261 1318 338 scalers
1341 259 1684 338 rrannonootce.

2116 357 2120 372 .
2197 264 2272 337 116

1279 436 1325 503 ad
1348 434 1559 526 dignitatem
1583 431 1763 515 evehitur;
1807 445 1869 504 arat
1891 456 1972 504 cum
1999 435 2135 504 amanti
2159 437 2273 505 otium

1279 549 1474 616 nascuntur
1493 536 1615 618 liberi;
1650 549 1713 606 aut
1734 549 1953 607 concurrunt
1977 537 2069 621 alia,
2100 548 2141 607 nt
2160 540 2274 607 multa

1280 639 1439 708 accidere
1469 641 1596 710 solent.
1662 639 1747 710 Non
1771 639 1866 708 enim
1891 638 2027 731 pariter
2049 640 2154 710 fausti
2179 651 2277 723 sunt,

1280 753 1343 811 ant
1360 741 1507 810 infausti
1523 755 1669 811 eventus
1688 765 1902 832 corporum,
1935 741 2096 826 animae,
2126 743 2277 812 faculta-

1280 855 1376 926 tum,
1391 843 1604 934 'dignitatis‚
1631 845 1830 914 amicorum
1847 855 1909 913 aut
1931 843 2178 924 inimieornm3
2212 845 2277 914 sed

1282 944 1409 1014 accidit
1423 947 1573 1015 fortasse
1596 946 1665 1014 tale
1686 946 1857 1038 quiddam
1883 944 1921 1013 in
1943 969 2083 1015 summa
2107 946 2278 1042 felicitate

1281 1058 1344 1116 aut
1365 1071 1504 1116 summa
1529 1048 1750 1130 calamitate,
1793 1047 2190 1141 quando.concurrunt
2213 1059 2280 1117 aut

1280 1150 1457 1218 beneficae
1474 1150 1574 1218 omni
1590 1150 1774 1219 radiorum
1800 1149 2028 1233 dimissione,
2063 1161 2127 1219 aut
2150 1159 2278 1217 contra

1282 1252 1472 1320 maleficae.
1524 1251 1593 1320 Sed
1609 1253 1645 1320 id
1661 1275 1746 1320 raro
1763 1253 1821 1334 lit,
1847 1264 2038 1342 propterea
2064 1253 2164 1344 quod
2186 1247 2280 1319 baec

1281 1349 1421 1422 infirma
1440 1350 1627 1424 bominum
1652 1367 1779 1422 natura
1807 1377 1890 1422 raro
1914 1353 1959 1421 ad
1984 1355 2195 1423 altemtmm
2219 1377 2280 1421 ex·

1282 1469 1480 1525 tremorum
1510 1457 1664 1538 accedit,
1705 1457 1767 1525 sed
1796 1478 1910 1547 prona
1937 1467 1990 1525 est
2014 1457 2060 1523 ad
2082 1455 2278 1524 mixturam

1281 1559 1461 1628 bonorum
1479 1559 1725 1628 etmalorum.
1862 1570 1865 1576 '

1383 1657 1479 1728 Loca
1496 1659 1606 1749 igitur
1620 1656 1886 1752 prorogatoris‚
1912 1657 2008 1725 dicto
2029 1657 2141 1726 modo
2162 1677 2283 1727 sume·

1283 1785 1381 1844 mus,
1408 1761 1526 1831 stellas
1541 1773 1765 1831 occurrentes
1780 1759 1848 1830 sibi
1863 1759 1899 1827 in
1916 1759 2024 1843 locis,
2051 1761 2203 1852 adquae
2221 1781 2281 1825 ra-

1284 1863 1335 1931 dii
1358 1863 1608 1944 dimittuntur;
1644 1887 1710 1932 nec
1734 1863 1850 1932 solum
1870 1883 2052 1932 sumemus
2075 1862 2282 1930 interlecto-

1283 1989 1358 2048 res,
1398 1977 1440 2034 ut
1466 1967 1510 2034 de
1538 1966 1632 2034 vitae
1665 1964 1887 2056 temporibus
1911 1963 2005 2046 dixi,
2044 1966 2106 2033 sed
2128 1963 2282 2031 omnino

1285 2091 1427 2146 omnes3
1467 2089 1533 2136 nec
1555 2079 1696 2136 tantum
1719 2065 1929 2158 corporibus
1953 2065 2182 2148 coniunctos,
2218 2076 2281 2133 aut

1285 2169 1490 2261 oppositos,
1524 2180 1587 2238 aut
1610 2193 1653 2238 er
1673 2171 1851 2263 quadrato
1871 2192 1908 2238 se
1929 2167 2184 2260 adspicientes,
2217 2167 2285 2236 sed

1285 2271 1391 2340 etiam
1411 2295 1454 2340 ex
1466 2269 1609 2361 trigono
1626 2284 1689 2340 aut
1703 2270 1897 2362 sexangulo
1913 2293 1950 2341 se
1964 2269 2212 2360 adspicientes.

1386 2371 1433 2442 Et
1448 2373 1605 2464 primum
1624 2373 1768 2468 quidem
1784 2373 1904 2440 danda
1928 2384 2013 2443 sunt
2032 2383 2196 2464 tempora
2221 2395 2284 2441 cu·

1285 2474 1428 2545 iuslibet
1441 2476 1709 2567 prorogationis
1723 2475 1775 2542 illi
1792 2475 1977 2566 planetae,
2010 2475 2073 2568 qui
2086 2486 2183 2544 tenet
2200 2497 2285 2562 gra-

1286 2579 1371 2648 dum
1387 2577 1458 2646 loci
1473 2573 1647 2670 aphetici‚
1672 2590 1735 2647 aut
1750 2576 1855 2646 alteri
1865 2577 1966 2645 illum
1982 2576 2265 2671 adspicientiffl).

1388 2679 1427 2750 Si
1442 2693 1560 2748 autem
1577 2682 1693 2764 deest,
1718 2681 1844 2749 demus
1860 2677 1894 2748 ei
1908 2679 2094 2770 planetae,
2119 2679 2181 2772 qui
2195 2701 2286 2770 pro-

1285 2780 1379 2850 xime
1410 2783 1617 2865 antecessit,
1657 2785 1773 2852 donec
1801 2781 2052 2872 perveniemus
2083 2781 2131 2852 ad
2156 2781 2286 2862 elium,

1286 2882 1349 2976 qui
1365 2883 1566 2974 adplicatur
1581 2887 1627 2954 ed
1653 2895 1860 2978 sequentem
1885 2885 2036 2974 gradum
2059 2883 2157 2954 iuxta
2184 2883 2285 2954 ordi-

1286 3009 1368 3054 nem
1388 3008 1587 3075 signorum.

1386 3085 1526 3158 Deinde
1558 3083 1641 3160 buic
1673 3086 1872 3158 tribuemus
1903 3099 2065 3178 tempora
2095 3111 2210 3180 usque
2239 3087 2286 3154 ad

1286 3201 1515 3284 sequentem,
1541 3191 1630 3259 etin
1646 3190 1794 3260 caeteris
1814 3189 1995 3269 similiter;
2028 3203 2065 3262 et
2085 3190 2194 3259 simul
2221 3191 2285 3258 ad-

1286 3307 1474 3365 sumantur
1490 3293 1673 3384 planetae‚
1697 3306 1738 3363 ut
1751 3305 1836 3363 scrut
1851 3292 2093 3386 dispositores,
2119 3292 2182 3388 qui
2198 3303 2288 3364 sunt

1287 3395 1414 3468 insuis
1432 3396 1574 3466 finibus.
1625 3405 1639 3415 “
1856 3461 1860 3468 .

1390 3497 1480 3568 Cum
1497 3510 1616 3566 autem
1631 3499 1840 3589 prorogatio
1867 3499 2021 3571 sumitur
2041 3499 2086 3566 ab
2111 3494 2286 3568 horosco-

1287 3622 1355 3688 po,
1382 3601 1512 3670 dentur
1533 3597 1619 3666 anni
1643 3599 1810 3686 gradibus
1834 3601 2087 3690 longitudinis,
2114 3602 2287 3694 aequales

1290 3701 1554 3770 ascensionibus
1572 3699 1742 3792 cuiusque
1768 3701 1932 3773 climatis.
1990 3703 2055 3774 Sin
2076 3713 2196 3794 autem
2226 3726 2284 3771 su-

1289 3800 1400 3871 mitur
1430 3802 1639 3894 prorogatio
1675 3826 1694 3870 a
1728 3805 1849 3873 medio
1885 3805 1996 3888 coeli,
2018 3806 2167 3873 dentur
2193 3801 2284 3871 anni

1289 3903 1454 3997 aequales
1470 3903 1733 3975 ascensionibus
1750 3906 1859 3976 medii
1874 3905 1975 3976 coeli.
2027 3906 2077 3973 Ac
2097 3929 2210 3999 nsque
2238 3905 2285 3973 ad

1290 4001 1470 4074 cardinem
1497 4006 1605 4077 simili
1627 4011 1736 4076 modo
1759 4011 1889 4078 dentur
1914 4007 2000 4076 anni
2024 4008 2189 4102 aequales
2215 4031 2285 4097 pro

1290 4109 1524 4201 proportione
1542 4107 1660 4178 collati
1676 4112 1722 4179 ad
1735 4111 1976 4194 ascensiones,
2003 4122 2065 4179 aut
2084 4109 2287 4178 descensio-

1290 4235 1373 4293 nes,
1399 4225 1461 4280 aut
1478 4211 1664 4281 transitum
1684 4213 1720 4280 in
1736 4215 1855 4282 medio
1871 4211 1978 4294 co'eli;
2013 4213 2104 4284 sicut
2119 4225 2153 4281 et
2173 4237 2212 4281 su
2219 4233 2286 4304 pra

1290 4314 1422 4382 (lictum
1442 4325 1493 4382 est
1511 4315 1554 4381 de
1569 4313 1663 4381 vitae
1678 4316 1909 4407 temporibus.

1391 4413 1656 4485 Constituemus
1672 4441 1755 4506 ergo
1771 4418 1983 4510 praecipuos
2003 4441 2046 4485 ac
2065 4413 2287 4486 universales

1290 4531 1492 4608 temporum
1518 4521 1678 4601 datores,
1722 4516 1789 4588 boc
1811 4523 1941 4604 modo,
1978 4543 2083 4613 quem
2109 4515 2287 4586 recensui.

1290 4621 1414 4689 Annos
1429 4642 1515 4688 vero
1534 4619 1788 4692 constituemus
1803 4617 1873 4691 hoc
1888 4623 2017 4703 modo,
2034 4631 2288 4712 computantes

1289 4725 1484 4809 secundnm
1502 4723 1685 4812 signorum
1702 4725 1957 4795 successionem
1975 4747 1993 4791 a
2010 4724 2090 4792 loco
2107 4743 2287 4814 proroga·

1290 4837 1367 4893 tore
1393 4849 1583 4894 numerum
1611 4849 1788 4896 annorum
1812 4827 1909 4911 nati,
1936 4839 1969 4896 et
1994 4825 2141 4918 singulis
2164 4823 2287 4914 gradi-

1291 4928 1355 4997 bus
1380 4951 1514 4996 annum
1540 4929 1756 5012 tribuentes,
1791 4953 1831 4997 ac
1856 4941 2035 4999 sumentes
2060 4939 2288 5020 postremum

1291 5042 1461 5123 tanquam
1478 5029 1741 5122 dispositorem.
1801 5031 1857 5101 Sic
1874 5034 1966 5100 etde
1981 5031 2160 5101 mensibus
2176 5027 2288 5097 lacie-

1291 5157 1390 5215 mus,
1424 5145 1670 5225 computantes
1693 5154 1880 5203 numerum
1908 5135 2084 5204 mensium
2108 5157 2128 5202 a
2153 5131 2289 5200 nativi·

1290 5247 1382 5319 tate,
1410 5259 1429 5304 a
1447 5237 1546 5320 loro,
1573 5235 1635 5331 qui
1648 5236 1856 5307 dominatur
1873 5235 1906 5305 ei
1921 5259 2034 5319 anno,
2061 5259 2168 5331 quem
2185 5257 2288 5304 com-

1323 5469 1372 5530 ³0)
1390 5469 1568 5534 adspicienti]
1586 5471 1635 5522 nd.
1652 5467 1727 5522 iffi.
1747 5483 1843 5522 errore
1861 5471 1989 5536 typogr.:
2014 5466 2177 5533 auspicanti.
