4570 5802
46 223 104 298 no
215 195 218 200 ’
322 216 1145 297 Lx1V.INTEhPRhTArioaUh1P1D18
1170 217 1448 298 muronula
1473 217 1522 294 ov
1549 217 1778 293 raonis..
1964 213 2039 290 rso

85 396 172 466 fior.
194 389 323 466 Gravis
337 391 498 476 Deorum
514 391 568 462 ira
583 393 748 466 efferbuit

81 495 247 566 Adversus
269 520 388 566 semen
411 493 575 581 Tantali,
609 500 707 593 quod
726 522 866 591 semper
888 500 1001 571 estin

417 621 619 676 aerumnis.

1103 395 1298 488 Quomodo
1322 406 1408 466 tune
1431 415 1506 462 non
1528 391 1689 464 moriar?
1727 369 1913 487 quae'eril
1933 413 2035 464 exeu-

1246 495 1249 502 ’
1459 494 1577 566 satio?

1103 599 1236 670 Verum
1249 597 1279 670 si
1295 597 1401 669 simul
1417 593 1505 668 haec
1523 598 1644 669 omnia
1662 621 1774 668 unum
1794 597 1932 680 fierent,

81 703 145 790 fpl.
176 697 274 768 Hauc
288 699 520 794 ¹voluntatem
542 698 672 787 habui,
699 701 907 798 priusquam
931 700 1001 775 buc
1055 703 1153 774 1000
1176 702 1225 772 Ut
1244 714 1278 770 et
1294 712 1449 772 statuam
1467 701 1642 784 auferres,
1665 714 1701 771 et
1715 724 1773 770 me
1787 699 1826 768 in
1840 697 1964 768 navim

431 803 572 889 venisti,

39 921 101 992 990
125 922 169 990 Ui
186 945 295 992 essem
311 919 434 1013 Argis,
459 937 493 993 ei
508 937 571 994 tuo
587 938 777 1017 conspectu
793 925 942 995 fruerer.

78 1021 167 1094 idem
187 1023 291 1109 volo,
321 1026 418 1119 quod
444 1037 503 1111 tu,
543 1039 578 1096 te
602 1029 755 1099 liberare
777 1030 822 1099 ab
846 1023 914 1096 hec
934 1026 1001 1096 mi-

424 1152 529 1212 serra,

75 1227 116 1298 Et
138 1229 321 1300 restituere
350 1229 599 1306 labefactatam
629 1234 797 1302 domum:
831 1233 1000 1302 uoniam

422 1357 480 1403 me
498 1334 723 1404 interficienti
739 1335 834 1427 patri

74 1429 221 1517 irascor,
244 1437 307 1506 scd
321 1435 441 1527 potius
458 1448 509 1507 est
524 1432 613 1506 mibi
628 1435 804 1505 familiam
820 1437 967 1530 erigere.

74 1535 215 1606 Possum
230 1559 379 1608 manum
398 1537 576 1610 abstinere
590 1563 610 1608 a
629 1551 689 1609 tua
704 1540 822 1624 caede,

36 1653 96 1726 995
108 1653 152 1726 Et
163 1679 308 1748 possum
323 1671 357 1728 te
376 1651 537 1739 servare3
555 1661 738 1755 quomodo
755 1672 874 1732 autem
883 1657 998 1728 Deam

423 1760 545 1831 fallere
563 1763 708 1856 possim,

75 1857 208 1944 Metuo,
231 1873 267 1930 et
282 1875 498 1954 tyrannum,
520 1867 664 1960 quando
681 1887 831 1934 vacuom

75 1963 190 2032 Sedem
205 1987 351 2034 saxeam
368 1977 506 2036 statuae
521 1967 709 2038 invenerit.
850 1974 854 1986 ‘

38 2116 219 2135 ...κ-,-

119 2217 298 2282 hagimmur
317 2220 474 2272 errabundi.
509 2219 588 2270 Unde
605 2216 670 2268 mihi
689 2215 784 2280 pedem

118 2288 237 2338 athenas
259 2287 353 2351 utique
371 2288 447 2340 misit
463 2289 574 2351 apollo,

117 2355 233 2406 causam
253 2355 346 2406 dicere
362 2368 418 2408 nou
435 2353 610 2408 nominandis
624 2353 744 2404 Dmhus.

116 2424 166 2473 Est
182 2425 258 2476 euim
274 2428 484 2478 sacrosanctum
501 2423 643 2486 iudicium,
662 2420 734 2485 quod
748 2417 833 2472 Marti
850 2415 915 2468 otiu

118 2491 216 2556 iupiter
234 2492 381 2544 constituit
398 2507 432 2545 ex
450 2505 579 2544 manuum
595 2491 712 2552 piaculo.

118 2561 276 2612 Profectum
294 2574 361 2612 vero
379 2561 459 2628 iiiuc,
477 2562 593 2624 primum
610 2559 717 2622 quidem
736 2553 829 2606 nulius
845 2552 983 2616 hospitum

118 2631 222 2682 babens
240 2631 381 2698 mscepu,
398 2632 528 2694 tanquam
543 2629 601 2680 illis
618 2627 745 2676 invisum.
996 2669 1004 2687 ,

120 2697 168 2760 oui
190 2711 262 2750 vero
287 2699 362 2752 ducti
386 2701 452 2750 suut
474 2699 593 2761 pudore,
618 2693 756 2746 domicilia
780 2702 859 2742 uuam
877 2699 1001 2740 mensam

423 2767 550 2820 habentia

119 2835 307 2890 Exhihueront
323 2839 467 2904 domuum,
485 2834 639 2887 existentes
657 2831 686 2880 in
703 2829 799 2880 eodem
816 2830 898 2880 tecto.

119 2905 207 2958 facite
223 2917 297 2958 vero
309 2907 494 2970 apparabant,
515 2903 610 2966 paucis
624 2899 716 2949 verhis
730 2911 772 2948 me
785 2899 952 2962 salutatum,
970 2898 1001 2947 ut

118 2976 141 3023 h
157 2976 216 3026 ciho
233 2987 327 3026 amm
343 2978 374 3026 et
391 2975 489 3038 poculo
505 2972 662 3034 separatus.

117 3041 146 3092 in
162 3045 290 3106 poculum
308 3042 553 3108 receptantem,
571 3049 663 3102 parem
682 3035 808 3088 omnihus
826 3035 884 3086 viui

118 3115 276 3164 Mansuram
293 3111 454 3178 implentes,
472 3107 609 3159 habehant
626 3107 802 3169 voluptatem.

117 3181 151 3230 at
169 3193 220 3245 ego
236 3175 414 3245 redarguere
429 3178 553 3240 hospites
572 3174 656 3226 nolui.

119 3249 245 3302 belcham
266 3255 358 3300 autem
375 3249 476 3312 tacite,
494 3249 524 3296 et
542 3244 655 3294 videbar
667 3255 727 3298 non
744 3242 975 3304 animmvertere,

119 3319 205 3370 Valde
221 3319 426 3384 ingemiscens,
443 3317 515 3381 quod
531 3314 572 3363 fui
590 3313 688 3364 matris
706 3312 878 3362 interfector.

119 3387 203 3438 Audio
221 3399 294 3438 vero
311 3385 526 3439 Atheniensibus
543 3391 629 3435 means
647 3381 836 3444 infelicitatem

118 3456 312 3507 festivitatem
329 3468 410 3520 esse,
428 3458 511 3516 atque
527 3452 615 3502 adhuc
632 3461 744 3500 manere
764 3450 858 3512 ritum,

121 3523 211 3586 capax
228 3523 314 3574 unius
335 3527 420 3576 ehoae
436 3523 561 3586 poculum
580 3519 706 3570 Palladis
723 3519 816 3570 coiere
833 3517 972 3578 populum.

118 3591 265 3655 Postquam
288 3593 324 3642 ad
346 3593 476 3643 Martium
499 3589 631 3639 tumulum
656 3589 738 3652 veui,
770 3588 799 3636 et
823 3585 851 3635 iu
874 3584 999 3634 iudicium

120 3659 295 3713 Constitutus
323 3674 402 3727 sum,
432 3672 484 3724 ego
511 3659 618 3720 quidem
648 3669 731 3708 uuum
761 3665 900 3716 occupans
931 3655 998 3702 suh-

423 3728 543 3790 sellium,

119 3799 197 3849 Aliud
215 3799 449 3861 honoratissime,
466 3806 537 3858 quae
555 3797 617 3844 emt
634 3793 706 3842 inter
724 3791 834 3842 hurbe.

119 3869 182 3920 eum
198 3879 315 3920 cauam
332 3869 477 3932 diabeem,
496 3866 525 3914 et
541 3863 708 3913 audivissem
726 3864 760 3910 de
776 3859 942 3922 matricidis,

119 3935 242 3990 Phoebus
272 3951 317 3988 me
347 3935 489 3997 servavit,
510 3931 706 3982 testimouium
735 3930 888 3992 praeberes
919 3927 999 3990 peria

431 4015 501 4053 vero
519 4000 583 4050 mihi

120 4075 257 4142 Suffragia
273 4074 414 4126 recensuit
432 4073 527 4122 Pallas
544 4081 626 4120 manu
644 4081 703 4118 sua.

118 4141 212 4195 Victor
228 4146 322 4195 autem
339 4142 456 4194 discessi
475 4141 509 4190 de
525 4137 638 4202 capitali
655 4137 763 4187 laudicio.

119 4213 254 4276 Quotquot
271 4215 356 4277 igitur
374 4213 507 4262 sederunt
523 4217 677 4270 persuasae
695 4205 804 4268 iudicio,

116 4281 243 4332 iudicium
260 4283 334 4345 apud
350 4293 383 4331 se
401 4281 609 4332 sacrosanctum
627 4275 830 4326 eoirstltucrunt
844 4275 955 4328 hahere.

117 4351 169 4398 Sed
186 4353 321 4412 quotquot
338 4350 483 4400 honarum
501 4359 556 4396 oon
576 4356 729 4407 persuasae
747 4349 812 4394 suut
828 4345 901 4408 lege,

118 4417 249 4470 Cursibus
265 4419 423 4482 irrequietis
441 4417 581 4480 exagitent
599 4426 641 4465 me
659 4426 757 4477 usque,

117 4485 207 4551 iisque
225 4489 289 4538 dum
304 4488 340 4536 ad
357 4489 482 4537 sanctum
500 4484 564 4534 veui
581 4484 679 4534 iterum
698 4482 799 4534 Phoebi
822 4482 960 4546 tempium.

117 4555 333 4619 accuremus
351 4557 511 4618 porrectus,
530 4553 637 4602 ieiunus
654 4551 725 4616 citro,

115 4624 209 4676 iuravi
225 4625 282 4675 thie
301 4626 384 4675 vitam
402 4626 580 4684 abrupturum
598 4621 731 4682 moriens,

116 4691 232 4744 hlaine
250 4697 379 4744 servaret
396 4691 537 4754 Phoebus,
556 4689 602 4751 qul
619 4702 664 4740 me
682 4689 847 4750 perdiderat

115 4759 179 4811 lude
195 4775 291 4814 vocem
308 4775 342 4812 ex
360 4761 468 4823 tripode
484 4768 570 4810 aureo
587 4758 736 4822 accipiens,

116 4826 242 4880 Phoebus
255 4843 297 4880 me
307 4831 383 4880 misit
399 4831 469 4892 huc,
487 4827 588 4890 quode
605 4827 683 4878 coeio
698 4827 802 4887 lapsum
815 4829 876 4890 est,
895 4839 995 4890 capere

115 4897 329 4964 dinariorum,
347 4903 376 4948 et
391 4899 562 4949 Athenarum
579 4895 718 4944 collocare
735 4897 765 4944 tn
784 4901 898 4947 terram.

117 4966 222 5032 ocare,
239 4977 318 5030 quam
336 4967 455 5018 salutem
471 4963 616 5016 coustituit
631 4963 711 5012 nohis
729 4968 806 5014 certo
826 4966 952 5028 termino,

116 5031 256 5090 Goadinta.
292 5037 322 5086 si
340 5035 412 5085 enim
430 5037 505 5086 Deae
521 5033 596 5082 nacti
614 5031 749 5084 fuerimus
768 5033 971 5100 simulachrum,

115 5103 155 5152 ah
171 5103 279 5154 meanis
297 5104 437 5167 desinam,
457 5107 484 5154 et
504 5104 533 5152 te
550 5100 698 5152 multiremi
715 5101 781 5153 navi

117 5169 243 5238 vehens,
263 5173 525 5235 aucentesimum
542 5172 653 5223 iterum.

117 5237 235 5307 Verum,
254 5253 270 5292 o
288 5243 388 5304 chara,
406 5253 423 5292 o
441 5251 601 5305 germanum
619 5241 709 5302 caput,

118 5307 232 5360 herveto
250 5309 534 5374 pommeranorum,
555 5311 582 5358 et
600 5317 756 5370 servans,

118 5375 250 5435 Quoniam
268 5391 343 5430 meae
362 5391 409 5429 res
427 5379 570 5440 perierunt
586 5388 700 5440 omnes,
719 5375 969 5448 aristophanem,

117 5443 244 5498 coeleste
261 5449 315 5500 uisi
331 5446 520 5511 acceperimus
536 5447 613 5497 Deae
631 5445 837 5503 simulachrum.

1101 805 1323 888 Abduceres‚
1349 816 1438 873 esset
1455 803 1599 897 quidem
1614 805 1838 895 praeclarum
1854 802 2002 873 facinus.

1101 907 1236 977 Verum
1252 929 1317 998 ego
1332 919 1495 1012 separata
1512 907 1557 976 ab
1574 901 1663 989 boc,
1686 906 1830 998 perib03

1103 1011 1161 1080 Tu
1175 1023 1297 1080 tamen
1313 1021 1374 1079 tua
1389 1033 1429 1078 re
1444 1010 1534 1078 bene
1557 1009 1746 1078 c'onstituta
1762 1006 1907 1078 redibis.

1102 1113 1179 1204 Ego
1194 1137 1269 1183 non
1285 1113 1426 1204 defugio
1448 1111 1665 1202 periculum,
1686 1134 1731 1182 ne
1747 1109 1892 1206 quidem
1915 1107 1944 1179 si
1958 1131 2034 1178 mo-

1463 1213 1630 1284 riendum
1647 1213 1705 1299 sit,

1055 1316 1153 1391 1005
1182 1318 1294 1390 Modo
1320 1332 1354 1391 te
1377 1343 1528 1390 servem.
1580 1315 1677 1400 „Vir
1706 1314 1801 1388 enim
1834 1314 1873 1383 in
1899 1307 2034 1385 familia

1460 1430 1625 1492 mortuus

1103 1523 1384 1609 „Desideratur,
1407 1525 1599 1596 mulierum
1616 1519 1792 1592 imbecilla
1811 1532 1864 1592 est
1876 1514 1997 1613 vis⁰¹).

1104 1631 1160 1699 Or.
1168 1627 1363 1721 Nunquam
1379 1628 1464 1697 fiam
1481 1639 1516 1697 et
1531 1638 1613 1696 tuus
1623 1625 1894 1696 etmatrisinter
1904 1621 2032 1692 sector:

1102 1729 1194 1800 Satis
1208 1742 1260 1801 est
1272 1729 1366 1800 illius
1385 1753 1502 1810 mors;
1526 1725 1709 1798 consentio
1725 1727 1805 1811 tibi,

1100 1829 1193 1901 Volo
1210 1833 1345 1924 pariter
1359 1844 1476 1903 tecum
1492 1830 1613 1912 vivere
1631 1843 1694 1901 aut
1707 1829 1813 1902 mori.

1042 1935 1153 2047 Ι1010
1177 1933 1325 2005 Veniam
1351 1935 1517 2029 quidem,
1540 1931 1687 2030 euim)
1710 1937 1785 2028 ipse
1808 1929 1953 2028 quidem
1977 1919 2035 1996 hie

1457 2038 1680 2121 occumbam,

1100 2137 1281 2224 Domum,
1303 2139 1333 2210 si
1348 2141 1502 2210 manebo
1519 2140 1676 2212 moriens
1693 2156 1822 2212 tecum.

1100 2241 1195 2312 Audi
1220 2255 1339 2314 autem
1363 2243 1576 2315 sententiam
1601 2268 1738 2329 meam,
1766 2242 1797 2313 si
1818 2236 1887 2309 boc
1910 2235 2036 2305 adver·

1465 2371 1543 2418 sum
1567 2357 1659 2416 esset
1730 2394 1736 2404 .

1100 2445 1259 2533 Dianae,
1282 2471 1393 2544 quare
1409 2444 1576 2520 Phoebus
1592 2449 1754 2520 iussisset·

1101 2545 1263 2620 Avebere
1278 2562 1432 2622 statuam
1449 2551 1545 2622 Deae
1561 2551 1598 2620 in
1613 2553 1739 2622 urbem
1755 2544 1925 2626 Palladis,

1054 2647 1151 2724 1015
1175 2651 1223 2721 Et
1236 2664 1334 2723 tuam
1351 2653 1485 2726 intueri
1499 2653 1649 2724 faciem?
1671 2651 1759 2724 haec
1776 2647 1896 2721 omnia
1914 2642 2010 2714 enim

1103 2753 1304 2827 Confeceris
1327 2756 1365 2825 in
1388 2781 1517 2842 unum,
1541 2780 1646 2850 spero
1672 2781 1738 2830 uos
1762 2752 1942 2828 redituros
1962 2767 2035 2816 esse

1208 2873 1209 2878 ’
1461 2861 1668 2933 incolumes.

1103 2963 1177 3051 [ph.
1202 2961 1395 3056 Quomodo
1410 2976 1528 3056 potest
1552 2987 1636 3054 ergo
1655 2961 1751 3043 lieri,
1778 2971 1908 3030 utnon
1925 2953 2034 3022 inter-

1464 3067 1638 3152 ficiamur,
1704 3099 1707 3109 ·

1102 3163 1148 3234 Et
1165 3189 1427 3261 consequamur
1445 3191 1506 3252 ea3
1530 3189 1622 3263 quae
1642 3161 1832 3237 volumus?
1863 3160 1914 3231 sic
1939 3153 2034 3226 enim

1468 3272 1584 3363 cogita

1102 3368 1270 3440 Reditum
1289 3375 1332 3442 ad
1351 3373 1513 3448 domum.
1563 3372 1739 3442 Voluntas
1762 3366 1906 3462 quidem
1926 3361 2035 3428 adest.

1051 3557 1284 3576 mm

1085 3655 1133 3722 m)
1152 3656 1239 3710 case.
1258 3657 1360 3709 aravo
1377 3683 1412 3695 -
1430 3655 1482 3708 vu.
1507 3633 1565 3718 (vi.
1582 3649 1786 3720 oea-soom
1812 3648 1855 3700 sio
1877 3648 1926 3698 Re
1946 3644 2038 3704 theta
2129 3705 2135 3718 ,

1041 3749 1051 3773 ι
1120 3728 1171 3779 iio.
1191 3727 1281 3780 iehan

1156 3795 1244 3847 chor.
1259 3797 1416 3847 Vehemens
1434 3795 1568 3858 quaedam
1586 3795 1629 3844 ira
1646 3793 1765 3844 lteururu
1781 3786 1887 3850 ingruit

1153 3865 1185 3914 lu
1203 3865 1357 3916 uenturum
1373 3877 1476 3928 genus,
1494 3866 1524 3915 et
1538 3864 1568 3914 iu
1586 3863 1727 3914 laboribus
1744 3869 1841 3922 usque.
1968 3917 1975 3930 ¹
2050 3903 2057 3918 ,

1154 3933 1217 4000 ioh.
1240 3934 1398 3996 Promptum
1414 3933 1602 3997 voluntatem,
1626 3935 1772 3992 autequam
1789 3931 1818 3976 tu
1836 3923 1888 3974 huo
1912 3929 2035 3980 venires,

1460 4002 1547 4050 haheo

1152 4073 1246 4134 Argus
1264 4068 1416 4133 proficisci,
1435 4071 1463 4119 et
1479 4072 1526 4128 te,
1544 4033 1649 4132 irater,
1667 4065 1820 4129 adspicere.

1153 4140 1239 4202 Cupio
1257 4139 1367 4204 moen,
1385 4149 1454 4200 quae
1472 4141 1519 4202 tu,
1538 4141 1565 4187 et
1584 4149 1638 4188 ulra
1655 4139 1742 4186 tecum
1761 4129 1870 4196 defungi
1882 4125 2034 4186 laboribus,

1151 4211 1188 4260 iit
1206 4207 1313 4260 domum
1331 4207 1477 4270 amictam,
1494 4207 1605 4257 minime
1622 4204 1756 4257 omidenti
1773 4215 1816 4255 me

1152 4278 1243 4344 irata,
1259 4281 1403 4340 paternam
1422 4277 1531 4340 erigere
1548 4278 1622 4330 volo.

1151 4347 1248 4408 ltaque
1265 4356 1283 4395 a
1300 4346 1385 4395 caede
1402 4344 1442 4394 tui
1462 4357 1560 4396 manue
1579 4345 1783 4396 abstinebimus.

1151 4416 1275 4466 servabo
1292 4414 1434 4466 familiam
1471 4415 1526 4467 sed
1542 4415 1631 4477 ipsun
1649 4416 1735 4466 Deam
1752 4409 1885 4477 quomodo
1905 4407 2014 4466 lateam,

1149 4485 1258 4549 hletae,
1277 4486 1305 4534 et
1322 4485 1486 4550 tyrannum,
1504 4485 1611 4547 quando
1631 4495 1732 4534 vacuas

1150 4555 1255 4604 thecae
1273 4553 1412 4604 invenerit
1428 4553 1551 4618 lapideas
1571 4553 1747 4616 simulachro,

1056 4653 1060 4661 ·
1152 4621 1205 4685 oui
1222 4634 1277 4673 non
1295 4617 1418 4674 morini
1440 4623 1591 4686 quaemihi
1609 4623 1663 4674 erit
1681 4608 1844 4674 excusetioi

1150 4693 1255 4742 Verum
1272 4693 1297 4742 ai
1315 4692 1420 4756 quidem
1438 4705 1520 4742 uuum
1538 4694 1590 4742 hoc
1607 4692 1688 4742 simul
1706 4691 1795 4748 heret,

1151 4763 1186 4812 Ut
1203 4762 1294 4812 ferres
1311 4761 1521 4826 simulachrum,
1544 4764 1571 4810 et
1587 4774 1632 4810 me
1649 4759 1678 4808 ih
1695 4757 1762 4810 forti
1779 4752 1845 4804 navi

1150 4831 1293 4896 Veteres,
1311 4830 1379 4880 haec
1397 4828 1561 4892 periclitatio
1580 4831 1659 4878 esset
1676 4825 1797 4890 egregia.

1147 4901 1190 4950 ah
1208 4901 1260 4950 hoo
1277 4903 1369 4948 eutem
1388 4901 1461 4948 facto
1479 4901 1602 4960 semota,
1619 4907 1673 4960 ego
1692 4893 1797 4957 quidem
1816 4901 1910 4954 pereo,

1090 4999 1094 5008 .
1148 4969 1189 5018 fu
1201 4979 1267 5019 vero
1280 4969 1405 5018 fortasse
1417 4967 1499 5018 rebus
1518 4966 1573 5016 tuis
1589 4970 1659 5022 heria
1674 4961 1817 5026 dispositis
1836 4957 1955 5010 reditum
1968 4968 2033 5006 sor-

1461 5034 1558 5096 tieris;

1147 5105 1207 5156 Nou
1224 5105 1316 5156 tamen
1334 5107 1442 5167 abnuo,
1461 5115 1548 5165 neque
1567 5103 1593 5153 si
1609 5101 1673 5152 mihi
1691 5099 1860 5151 moriendum
1879 5097 1927 5156 sit,

1148 5177 1270 5226 Servare
1287 5177 1324 5225 te.
1360 5207 1380 5239 ‚,
1388 5175 1508 5234 Namque
1529 5172 1573 5220 vir
1591 5171 1697 5234 quidem
1716 5184 1749 5220 ex
1767 5167 1872 5218 familia

1148 5243 1245 5310 ‚,Gum
1263 5241 1395 5306 moritur,
1414 5240 1623 5306 desiderabilis3
1649 5239 1774 5290 mulieris
1793 5248 1861 5288 vero
1879 5246 1925 5284 res
1943 5233 2029 5282 imbe-

1456 5310 1545 5362 cilios.

1078 5380 1144 5446 fila)
1169 5377 1236 5447 etsi]
1270 5381 1312 5432 sie
1342 5379 1486 5430 1111562.
1511 5383 1559 5438 (ε
1578 5376 1662 5428 uuirt.
1688 5374 1771 5425 basil.
1801 5373 1892 5438 1601,
1924 5371 2030 5433 hiusgr.

1114 5447 1231 5518 ameum
1251 5453 1332 5504 mm.
1351 5444 1385 5514 ἢν
1400 5445 1440 5518 μὴ
1458 5473 1492 5488 -
1509 5447 1581 5512 neq
1600 5446 1659 5498 eux.
1679 5437 1765 5510 ἤνπιρ
1785 5439 1824 5508 si
1845 5467 1879 5481 -
1897 5441 1951 5492 mss
