4616 5810
227 239 306 324 sor
811 237 1689 318 emanansmnrarmnoroorca
2177 251 2239 331 a.

229 417 307 494 810
328 417 446 490 Aedes
471 415 556 488 istas
580 411 748 496 audiens,
770 407 793 449 ⁴
816 426 957 484 senecta
982 415 1178 487 tremulum
1322 415 1497 487 Pereant:
1522 410 1785 501 simiarum,
1807 415 1882 490 site
1896 415 2094 506 floridum,

279 521 459 594 incessum
492 511 593 610 pedis
624 510 744 586 traho.
796 515 927 602 Ofili,
960 530 1044 610 post
1070 519 1219 613 longum
1272 516 1350 594 666
1370 519 1452 590 Sive
1474 533 1578 612 pater
1599 521 1684 592 tuus
1707 521 1746 590 in
1770 541 1876 590 carran
1901 513 1971 603 est,
1990 513 2210 596 *siveiatmn

640 618 884 704 intervallum,
1322 615 1531 694 Petulanter
1553 623 1684 694 invasit
1715 624 1863 692 domum
1885 621 2037 715 deripi:

278 725 327 798 Et
346 737 429 817 post
448 723 582 794 multos
605 721 680 793 dies
707 723 867 814 adspicio
889 723 1032 793 oculum
1054 732 1178 800 tuum.'
1323 725 1381 795 Ad
1406 751 1463 795 ms
1487 727 1638 798 veniunt
1657 727 1808 796 dolores
1830 719 1961 794 borum
1985 727 2167 801 malorum.

254 825 502 920 ¹Amplectere
522 827 634 898 ubera
657 825 783 895 matris
806 820 963 899 brachiis
984 827 1056 898 tuis
1327 832 1426 903 chor.
1442 829 1608 914 „Partus
1621 830 1685 925 qui
1711 831 1885 911 eduntur,
1900 827 2023 898 dolore
2038 826 2242 912 vehementer

229 927 306 1004 616
324 929 373 1001 Et
388 929 533 1000 delicias
557 952 748 1021 genarum,
765 922 787 963 *
804 943 840 999 et
853 953 959 1002 canas
977 951 1097 1000 comas
1112 929 1222 1024 eapil·
1692 942 1842 1000 movent
1860 929 2065 1028 matres¹¹):

636 1031 769 1116 lorum,
1328 1032 1403 1118 „Ac
1418 1046 1535 1104 totum
1552 1057 1662 1125 genus
1679 1034 2047 1106 muliebreamaosest
2059 1034 2244 1107 liberorum.

280 1135 513 1210 Obumbrans
530 1134 662 1204 collum
685 1157 819 1204 meum.
1275 1135 1353 1208 660
1375 1141 1449 1209 Pol.
1471 1137 1609 1220 Mater,
1636 1137 1726 1206 bene
1743 1149 1778 1205 et
1793 1159 1868 1205 non
1882 1136 1973 1206 bene
1990 1137 2161 1228 cogitans,
2175 1135 2244 1206 veni

236 1321 242 1334 ,
281 1238 344 1325 lo,
384 1240 445 1310 vix
478 1260 655 1331 apparens
694 1249 839 1328 praeter
868 1259 970 1329 spem
1005 1249 1041 1308 et
1079 1248 1224 1330 praeter
1327 1240 1385 1310 Ad
1410 1241 1506 1311 viros
1531 1239 1715 1320 inimicos;
1738 1241 1800 1309 sed
1822 1261 1966 1310 necesse
1984 1251 2049 1310 esc

647 1339 857 1434 opinionem
1331 1342 1497 1428 „Omnes
1521 1363 1643 1412 amare
1662 1341 1839 1434 patriam3
1862 1342 1926 1436 qui
1948 1341 2050 1410 aliter
2069 1338 2160 1422 dicit,

279 1441 323 1514 ln
340 1440 497 1516 brachiis
512 1443 659 1530 matris,
686 1444 872 1536 quomodo
889 1442 1113 1533 compellabo
1134 1440 1197 1512 te?
1330 1446 1489 1532 „Verbis
1512 1446 1726 1528 delectatur,
1749 1457 1909 1514 mentem
1934 1461 2021 1514 veto
2045 1441 2115 1512 illic
2134 1437 2236 1510 babet

648 1549 833 1641 quomodo
853 1545 917 1614 tibi
935 1548 1056 1616 omnia
1080 1541 1224 1616 dicam?
1327 1550 1429 1619 Adeo
1456 1561 1575 1618 autem
1592 1550 1638 1618 ad
1661 1549 1785 1618 turbas
1810 1559 1844 1616 et
1861 1548 2028 1620 timorem
2044 1557 2180 1614 ventum
2195 1551 2245 1623 cst,

284 1647 442 1743 Quando
476 1650 643 1720 manibus
678 1661 713 1718 ct
738 1650 858 1719 verbis
890 1647 1127 1740 multiplicem
1160 1669 1227 1718 vo-
1278 1647 1355 1724 366
1379 1653 1434 1724 Ne
1451 1652 1532 1745 quis
1560 1653 1664 1722 dolus
1686 1673 1707 1720 a
1733 1651 1845 1720 iratre
1867 1674 1927 1719 me
1951 1649 2100 1730 occidat,

639 1752 827 1843 luptatem,
1064 1825 1068 1830 ,
1329 1755 1382 1824 Ut
1401 1750 1537 1826 babens
1555 1777 1703 1824 manum
1727 1765 1904 1822 armatam
1927 1754 2045 1844 gladio
2062 1771 2125 1840 per
2140 1746 2244 1815 urbem

229 1853 307 1928 320
331 1850 411 1922 llnc
429 1866 466 1923 et
482 1852 566 1924 illuc
589 1854 840 1938 inambulans,
863 1865 898 1922 et
920 1851 1196 1924 delectationem
1329 1856 1502 1927 Venerim
1536 1856 1789 1928 circumferens
1823 1856 1976 1929 vultum.
2053 1851 2167 1922 Unum
2197 1868 2243 1914 me

282 1953 422 2025 Veteris
445 1958 568 2047 gaudii
591 1955 791 2048 accipiam?
843 1956 957 2039 Ofili,
1694 1957 1845 2042 iuvabit,

279 2057 473 2153 Reliquisti
493 2073 683 2152 paternam
705 2062 854 2129 domum
879 2061 1070 2141 desertam,
1329 2059 1498 2132 induciae
1520 2072 1556 2130 et
1576 2071 1637 2130 tua
1664 2063 1771 2143 fides,
1792 2083 1886 2154 quae
1905 2051 2177 2130 meintrodnrit

282 2159 376 2239 Exul
399 2162 528 2234 missus
549 2163 670 2233 iratris
695 2161 842 2232 iniuria.
1327 2160 1426 2234 Intra
1461 2163 1606 2233 moenia
1641 2175 1805 2255 paterna.
1872 2161 1966 2231 Veni
1998 2185 2084 2231 vero
2115 2153 2244 2226 multon

231 2260 308 2340 626
325 2265 444 2359 Quam
459 2266 681 2338 desideratus
697 2263 833 2350 amicis,
846 2256 987 2358 *quam
1002 2258 1228 2334 desideratos
1690 2261 1933 2357 lachrymans,
2014 2286 2019 2295 ’

641 2363 794 2438 Thebis!
1278 2365 1355 2437 570
1386 2364 1475 2437 Post
1495 2367 1643 2458 longum
1666 2379 1807 2458 tempus
1827 2367 1955 2438 videns
1978 2366 2097 2436 aulam
2119 2370 2152 2430 et
2167 2357 2246 2426 iocos

281 2469 389 2540 Unde
406 2469 480 2540 rasi
501 2495 610 2542 canos
632 2495 744 2556 meos,
1699 2467 1875 2553 Deorum,

284 2572 479 2644 Dimittens
501 2575 648 2667 capillos
671 2577 832 2646 funestos
855 2580 891 2639 et
912 2566 1107 2653 luctuosos,
1330 2567 1378 2641 Et
1414 2569 1621 2666 gymnasia,
1664 2571 1704 2640 in
1739 2573 1867 2668 quibus
1900 2570 2059 2639 nutritus
2090 2585 2182 2644 sum,
2220 2565 2246 2624 el

283 2673 332 2744 Et
351 2698 428 2742 non
451 2674 576 2745 induta
602 2701 681 2745 sum
706 2673 868 2744 candidis
891 2672 1065 2742 vestibus:
1090 2693 1113 2740 o
1135 2669 1199 2756 fili,
1692 2698 1823 2770 aquam
1848 2672 1987 2757 Dirces,

283 2777 391 2858 Atras
412 2787 448 2844 et
473 2778 654 2870 squalidas
679 2772 744 2846 bas
767 2772 923 2844 tenebris
949 2776 1056 2844 aedes
1330 2771 1364 2841 A
1389 2773 1519 2866 quibus
1536 2797 1610 2843 non
1627 2773 1717 2846 iu'ste
1735 2777 1877 2867 pulsus,
1902 2774 2128 2869 peregrinam
2143 2763 2246 2836 urbem

234 2878 311 2952 ⁸80
341 2875 610 2956 lncolotsenex
632 2879 670 2946 in
697 2881 811 2947 domo
1164 2908 1169 2926 ι
1333 2876 1487 2961 Habito,
1510 2872 1647 2950 babens
1671 2881 1877 2971 adspectum
1900 2903 1968 2970 per
1990 2876 2110 2947 oculos
2130 2861 2248 2955 lachry-

158 3029 172 3050 c
282 2979 523 3066 Excaecatus,
550 2980 787 3072 iumenti⁸¹¹)
815 2976 995 3070 comparis
1691 2993 1864 3052 mantem.
1942 3015 1946 3022 ·

248 3116 268 3136 -’
284 3091 393 3176 Eius,
419 3096 517 3185 quod
531 3075 819 3180 abiuncmmffl)
835 3105 854 3149 a
870 3103 933 3151 sua
950 3079 1108 3163 familia,
1133 3077 1227 3148 desi·
1336 3081 1391 3152 Ex
1416 3081 1487 3152 illis
1508 3081 1695 3154 doloribus
1716 3085 1805 3155 meis
1828 3095 1863 3152 te
1886 3082 1993 3153 video
2016 3081 2138 3152 dolore

645 3190 786 3260 derium
806 3179 1074 3278 lachrymosum
1284 3181 1362 3258 375
1385 3183 1559 3256 Affectam
1583 3186 1700 3278 capite
1723 3211 1844 3258 rasam
1866 3197 1901 3255 et
1923 3187 2086 3258 luctuosa
2107 3187 2203 3248 veste.
2281 3223 2282 3228 η

247 3343 252 3354 -
288 3296 439 3390 Semper
461 3292 616 3380 babens,
639 3293 765 3365 insiliit
788 3286 961 3380 gladium,
1012 3285 1016 3297 '
1334 3285 1416 3358 Heu
1438 3311 1519 3357 mea
1542 3288 1657 3358 mala!
2175 3375 2183 3392 .

235 3393 313 3470 866
336 3399 388 3468 Ut
402 3399 470 3471 sibi
495 3410 650 3467 mortem
675 3393 928 3472 conscisceret,
944 3382 966 3423 *
981 3399 1018 3456 at
1032 3387 1072 3454 is
1085 3406 1226 3456 summa
1335 3389 1487 3481 „Quam
1512 3390 1644 3462 misera
1671 3413 1729 3461 res
1744 3401 1814 3475 est,
1836 3411 1857 3460 o
1882 3403 2022 3476 mater,
2043 3385 2160 3458 odium
2173 3383 2249 3446 mit!

591 3530 593 3539 ·
653 3508 757 3588 parte
780 3493 931 3570 aedium
993 3529 995 3537 ·
1130 3483 1135 3543 Ῑ
1695 3491 1981 3590 domesticos⁸),
2045 3484 2051 3532 ¹¹

288 3601 331 3672 ln
372 3600 691 3694 strangulationem
739 3592 909 3690 prorupit
952 3613 1032 3660 cum
1081 3583 1228 3680 garnita,
1336 3592 1415 3680 „Et
1442 3619 1552 3688 quam
1574 3594 1717 3665 dislicilc
1737 3593 2037 3666 reconciliantur!

650 3722 817 3770 execrans
840 3698 973 3765 liberos
1337 3696 1434 3790 Quid
1455 3698 1530 3788 agit
1550 3709 1655 3790 pater
1674 3721 1781 3769 senex
1805 3698 1844 3767 iir
1867 3698 2018 3780 aedibus

288 3810 378 3882 Cum
402 3803 719 3877 vociferationibus
745 3801 975 3898 querelarum
1007 3794 1045 3862 in
1070 3793 1228 3864 tenebris
1282 3801 1358 3874 380
1381 3798 1517 3872 Videns
1541 3801 1732 3872 tenebras?
1755 3801 1842 3895 quid
1856 3822 1971 3892 porro
1994 3817 2133 3870 sorores
2154 3776 2250 3860 duae?

287 3913 509 3984 Occultatur.
561 3909 742 3991 Teucro,
764 3903 877 3987 ofili,
900 3897 1008 3970 audio
1032 3897 1214 4001 connubio
1335 3903 1393 3974 An
1421 3926 1497 3972 non
1521 3903 1675 3974 miserae
1695 3915 1846 3996 gemunt
1868 3903 2016 3974 exilium
2035 3891 2176 3974 meum?
2208 3989 2217 4006 θ

237 4017 314 4090 840
338 4014 600 4098 coniunctum,
624 4010 849 4100 coniugalem
873 4004 1097 4093 voluptatem
1150 4004 1154 4017 “
1260 4049 1261 4052 =
1332 4011 1400 4077 loo.
1426 4003 1567 4100 Aliquis
1588 4005 1687 4076 Deus
1711 4007 1803 4075 male
1825 4005 1946 4098 perdit
1967 4028 2078 4098 genus
2099 3992 2227 4084 Oedipi.

285 4119 428 4188 Habere
451 4119 491 4185 in
515 4129 660 4186 externa
688 4127 782 4182 terra
806 4122 841 4179 et
863 4104 1076 4198 peregrinos
1228 4141 1231 4149 <
1334 4109 1393 4178 Sic
1411 4109 1507 4177 enim
1524 4108 1719 4204 coepit¹'),
1742 4119 1783 4177 ut
1800 4131 1865 4198 ego
1883 4129 2050 4200 parerem
2069 4113 2184 4174 contra
2199 4093 2250 4170 tas,

289 4221 425 4290 Curare
450 4220 583 4288 affines.
635 4215 732 4284 Haec
746 4225 830 4284 sunt
846 4203 1229 4310 intolerabilia'matri,
1333 4210 1381 4281 Et
1400 4223 1444 4281 ut
1456 4212 1551 4280 male
1578 4214 1725 4282 duceret
1749 4233 1897 4280 uxorem
1913 4220 2141 4302 paterinus,
2159 4209 2252 4290 tuque

237 4318 318 4396 846
345 4317 400 4390 Et·
413 4319 504 4389 Laio
531 4342 599 4388 avo
620 4329 706 4400 tuo,
730 4311 752 4352 *
776 4312 985 4403 nuptiarum
1010 4331 1085 4380 esse
1105 4331 1229 4380 aceer-
1640 4347 1643 4354 ,
1699 4313 1909 4384 nascereris.
2215 4395 2223 4412 .

649 4419 753 4490 sitam
778 4439 923 4486 noxam.
1281 4411 1359 4487 385
1381 4413 1573 4484 Verumad
1591 4415 1676 4510 quid
1692 4411 1805 4486 baec?
1834 4415 2016 4508 „Oportet
2031 4416 2123 4485 ferre
2137 4397 2250 4475 salaba·

286 4522 413 4621 Neque
437 4547 502 4614 ego
523 4524 646 4592 lumen
668 4520 761 4612 ignis
786 4515 931 4586 accendi
953 4513 1020 4583 tibi
1333 4516 1530 4611 Quomodo
1566 4530 1686 4588 autem
1717 4517 1960 4610 interrogem,
1999 4543 2046 4588 ne
2087 4507 2250 4584 mordeam

287 4629 330 4702 Iu
345 4628 481 4721 nuptiis
506 4624 682 4718 legitime,
705 4635 746 4692 ut
765 4623 864 4690 decet
889 4630 1041 4687 matrem
1065 4616 1229 4696 beatam3
1690 4634 1793 4690 tuum
1819 4623 1995 4705 animum,
2016 4685 2022 4690 .

242 4718 260 4776 3¹
283 4735 366 4810 'Nec
385 4729 547 4804 Ismenus
570 4727 709 4799 curavit
732 4715 995 4818 Hymenaeum,
1063 4760 1069 4774 ·
1335 4721 1473 4806 Metuo,
1491 4745 1582 4816 quae
1595 4723 1700 4805 volo;
1715 4724 1816 4795 venis
1831 4725 1927 4793 enim
1936 4721 2029 4794 mibi
2040 4717 2249 4793 desideratus·

237 4836 315 4920 660
337 4836 411 4928 Qui
426 4860 470 4906 ex
485 4832 622 4905 balneis
643 4841 785 4900 constat
800 4824 1029 4899 deliciarumt
1052 4841 1118 4910 per
1132 4813 1230 4888 The·
1333 4826 1407 4896 rot.
1429 4825 1595 4920 Quaere,
1616 4823 1708 4896 nihil
1732 4829 1890 4898 omittas.

243 4915 272 4981 ,i
647 4935 781 5003 banam
805 4929 933 4998 urbem
1335 4929 1568 5022 „Quaecnim
1583 4941 1624 4999 tu
1637 4931 1703 5014 vis,
1720 4926 1906 5005 eaetmibi
1920 4939 2022 5020 grata
2031 4936 2127 5008 sunt,
2143 4923 2250 4989 malti·

288 5040 510 5130 Praeteritus
534 5052 597 5110 est.
608 5035 751 5108 silentio
776 5031 954 5124 ingressus
969 5041 1050 5098 tuae
1065 5049 1230 5119 sponsae.
1667 5055 1670 5064 ·

243 5170 448 5216 '‘²'‘—
1075 5172 1079 5184 '
1316 5191 1365 5258 ss)
1385 5193 1420 5245 r.
1438 5194 1456 5243 ι.
1474 5192 1503 5242 u
1520 5193 1706 5257 nartcrssa,
1726 5193 1803 5247 raes.
1821 5194 1890 5244 noo
1906 5187 2173 5257 arginancem
2186 5177 2249 5228 ων

274 5271 487 5338 liniamenti]
510 5271 553 5323 sio
574 5269 658 5323 natta
681 5269 774 5332 ibba,
800 5267 892 5332 taam
918 5263 1004 5320 saut.
1027 5263 1147 5315 tombs
1169 5259 1230 5326 iugi
1347 5263 1511 5315 ln'tiberss.

310 5341 479 5411 (froterius).
1316 5329 1365 5397 ³⁴)
1386 5333 1418 5383 lt.
1438 5332 1455 5384 t.
1476 5331 1542 5385 ibid.
1559 5330 1627 5380 uota
1643 5342 1749 5394 marg:
1768 5330 1868 5382 odio·
1880 5331 2077 5395 augustam.

241 5387 246 5432 t
274 5411 344 5471 nb)
362 5403 530 5474 astanetum]
547 5405 590 5458 sio
607 5405 708 5470 scripsi
727 5405 774 5471 t:
791 5402 886 5464 Eurip.
904 5393 1103 5470 dnottyctroer,
1126 5403 1228 5457 Barna
1297 5401 1364 5458 'stt
1381 5399 1489 5461 coepit]
1506 5401 1549 5448 ste
1568 5397 1615 5463 (ιε
1632 5393 1725 5462 Eurtp,
1746 5391 1853 5467 ἤρξατ’)
1873 5401 1972 5465 οη,
1991 5399 2069 5461 Μ
2086 5390 2164 5445 m
2178 5375 2248 5436 1111,

309 5477 504 5544 Μαυάκης
519 5478 606 5531 rute.
625 5479 720 5540 tota,
739 5474 816 5526 1561.
834 5472 1002 5561 adlupoton.
1348 5468 1424 5522 ross.
1439 5469 1515 5532 cepis
1529 5467 1571 5534 (1.
1580 5470 1619 5534 b,
1635 5469 1655 5522 1.
1667 5481 1695 5533 ς.
1711 5467 1825 5533 sorpta).
