4616 5810
205 1355 348 1445 LVII.
413 1355 589 1444 PIIIIs.
626 1349 785 1445 Mun.
821 1351 1408 1441 IN'I'IIRPBIJ'I'A'I'IO
1445 1352 2015 1448 PIIOIINISSARUM

920 1498 1299 1592 EURIPIDIS.
1878 1489 1881 1502 ’

76 1732 213 1848 flotus
232 1786 403 1866 tragoediae
420 1785 625 1864 interpretatio
644 1783 735 1844 letius
747 1781 945 1844 Melantbonis
964 1785 994 1844 in
1011 1783 1103 1846 Editt.
1120 1781 1214 1848 1558.
1228 1795 1259 1845 et
1276 1781 1372 1848 1562.
1385 1803 1474 1864 suprs
1489 1785 1644 1866 descriptis
1658 1787 1824 1851 exhibetur.
1857 1787 1963 1868 sltqoa
1984 1805 2023 1850 ex
2042 1792 2129 1870 part'e

78 1887 204 1935 mntets
225 1873 256 1932 iu
278 1873 369 1932 Editt.
383 1871 520 1932 Barnesii
540 1881 571 1930 et
584 1869 742 1946 ddusgrnrii
762 1870 891 1948 repetite
912 1879 972 1942 est;
994 1867 1072 1928 Fixii
1092 1882 1192 1931 nutem
1204 1871 1261 1933 Ed.
1282 1871 1384 1930 maiori
1403 1871 1522 1950 quidem
1543 1889 1583 1932 es
1604 1885 1692 1954 perte
1713 1864 1837 1934 eandem
1861 1875 2006 1953 sequitur,
2028 1883 2130 1936 tamea

77 1960 185 2038 mgis
207 1975 285 2037 quse
305 1955 362 2017 hes
384 1955 460 2016 duse
481 1958 518 2015 eb
539 1957 592 2014 iIIs
613 1955 735 2014 resedit.
755 1985 801 2000 -
836 1955 981 2014 versuum
1000 1971 1139 2016 numeros
1160 1955 1406 2034 stropharumqee
1423 1957 1596 2034 partitiones
1615 1969 1647 2018 et
1666 1959 1738 2018 elias
1760 1959 1903 2038 quendam
1926 1959 2136 2038 unriptionss

79 2043 194 2123 (unsis
212 2042 355 2121 iussisses)
376 2059 416 2102 ex
435 2041 491 2104 Ed.
502 2040 626 2102 Beroen
643 2039 796 2117 sdnripsi.
830 2039 913 2100 usse
929 2039 1034 2100 veroin
1053 2056 1193 2100 versuum
1213 2041 1357 2102 divIsione
1378 2057 1470 2120 ssepe
1491 2041 1669 2120 sxylsndri
1682 2043 1775 2106 Edit.
1794 2043 1906 2108 ditent.
1943 2045 2030 2106 stote
2051 2045 2134 2108 enin

77 2127 332 2205 Xylsndseerum
353 2127 521 2188 Editionom
543 2143 645 2186 sersus
663 2125 694 2184 in
716 2125 837 2187 Bnrnes
857 2127 899 2184 ita
919 2124 1055 2184 mimoni
1075 2136 1156 2198 sunt,
1177 2136 1211 2186 nt
1231 2127 1318 2186 unius
1338 2125 1405 2184 loeo
1426 2127 1501 2206 dno,
1522 2127 1685 2190 duorumve
1708 2130 1772 2190 loeo
1794 2138 1855 2190 tres
1876 2137 1934 2190 ete.
1954 2130 1985 2190 iu
2008 2127 2065 2190 Isse
2084 2129 2133 2190 Is-

81 2225 216 2292 gentur‚
237 2214 309 2272 sliss
330 2212 388 2273 duo
411 2229 515 2292 versus
535 2213 565 2271 in
588 2209 643 2270 hae
663 2211 694 2269 iu
715 2229 807 2270 unum
828 2219 897 2270 sunt
918 2209 1067 2288 eopuieti‚
1088 2210 1161 2268 alies
1181 2212 1315 2290 siuguine
1337 2228 1424 2270 voees
1444 2230 1547 2272 versos
1568 2215 1597 2272 in
1620 2215 1852 2293 praecedentem
1873 2213 1922 2273 rel
1947 2211 2132 2294 subseqnen-

81 2309 153 2357 tem
176 2315 293 2358 versum
314 2299 507 2378 transpositae
528 2305 606 2356 sunt.
658 2295 692 2354 ln
720 2297 833 2356 duobus
860 2294 1004 2374 prioribus
1030 2295 1189 2374 tregoediis
1216 2295 1292 2354 hene
1320 2295 1522 2356 diversitatem
1549 2299 1672 2377 singulis
1701 2300 1772 2360 loeis
1800 2315 1926 2378 eamque
1946 2300 2065 2378 saeptos
2090 2298 2134 2358 ita

83 2383 242 2462 adnotari,
264 2392 298 2442 ut
317 2383 398 2462 Ipsos
409 2381 554 2441 Editionis
575 2381 665 2441 Baro.
685 2397 786 2440 sersus
814 2381 948 2460 integros
968 2377 1126 2457 efferrem,
1144 2397 1182 2439 ax
1204 2381 1309 2459 quibus
1330 2382 1425 2440 lector
1447 2383 1550 2442 barum
1572 2381 1742 2443 Editionutn
1763 2385 1794 2443 in
1816 2384 1949 2444 versibus
1968 2381 2134 2462 partiendis

86 2469 294 2527 disersitatem
315 2469 425 2542 pierias
444 2477 651 2544 cognoscerem
685 2466 716 2524 in
744 2465 799 2524 bae
826 2475 925 2526 autem
954 2464 1104 2544 tragoedis
1124 2474 1156 2523 et
1183 2467 1374 2544 sequentibus
1394 2465 1471 2526 hsno
1498 2469 1672 2527 serietatem
1693 2468 1764 2528 solis
1785 2469 1978 2544 numeriae:
1998 2467 2054 2530 bas
2071 2466 2135 2532 Eds

88 2553 250 2630 adscriptis
271 2553 481 2628 indiosbimua‚
510 2569 552 2612 ne
571 2550 693 2608 nimium
714 2550 800 2628 spatii
826 2551 858 2610 in
879 2547 956 2610 bauo
977 2567 1043 2610 rem
1069 2549 1284 2628 isnpendamus.
1332 2549 1379 2610 Es
1408 2551 1444 2610 iis
1469 2561 1587 2627 autem,
1613 2570 1691 2632 quse
1712 2553 1798 2614 modo
1819 2553 1859 2617 ds
1888 2568 2026 2612 remum
2049 2553 2133 2615 raris

88 2639 252 2716 partitione
272 2637 416 2713 diximus,
443 2636 647 2715 consequitor,
668 2637 718 2696 nbi
738 2633 976 2710 Xyiendreerum
996 2633 1166 2695 Editiouum
1184 2649 1286 2696 sersus
1307 2635 1338 2692 in
1358 2634 1448 2698 Bam.
1470 2637 1606 2700 disiuncti
1628 2649 1712 2716 sunt,
1739 2655 1896 2700 veressus
1914 2631 2070 2700 numos
2093 2653 2134 2696 ex

89 2723 149 2780 bae
177 2721 233 2781 Ed.
256 2723 403 2800 appositos
431 2718 510 2781 haud
539 2739 607 2780 roro
640 2731 754 2780 tantum
774 2719 812 2779 ed
839 2719 965 2779 sltersm
987 2717 1073 2778 buius
1093 2736 1197 2780 versus
1217 2728 1333 2798 portem
1365 2721 1534 2800 pertinere,
1560 2719 1592 2780 id
1620 2723 1700 2804 quod
1727 2723 1890 2786 notabimus
1910 2715 2133 2806 asteriseoff)

92 2808 123 2866 ei
145 2809 210 2868 roei
228 2807 379 2887 praefixo,
399 2824 418 2866 a
438 2825 497 2886 qus
518 2807 620 2883 Incipit
641 2823 761 2880 sensns,
783 2803 896 2863 coibis
917 2820 1057 2865 numerus
1076 2803 1107 2864 iu
1127 2800 1184 2863 Ed.
1206 2803 1329 2865 Berues.
1351 2805 1515 2886 adscriptus
1538 2817 1606 2885 est,
1626 2825 1655 2867 e.
1680 2827 1706 2870 e.
2007 2825 2011 2833 ’

504 2891 591 2963 610.
625 2893 718 2962 Ειοο.
750 2889 824 2982 Qui
846 2889 1001 2960 oderunt
1023 2900 1069 2958 te.
1094 2881 1131 2925 *'
1165 2891 1239 2960 Pol.
1268 2887 1492 2983 Expellimur
1516 2916 1535 2962 e
1558 2893 1688 2986 petriz.

96 2993 152 3053 nte
172 2995 250 3055 enim
271 3013 373 3057 tessus
394 2991 488 3056 tidie.
510 2992 655 3071 xytand‘r.
677 2994 708 3052 in
728 2991 786 3055 Ed.
807 2991 897 3052 Bere.
918 2991 961 3050 sie
981 2997 1028 3049 est
1046 2987 1224 3050 ffiuuetuss

881 3080 975 3147 Eteo.
1005 3073 1078 3168 Qui
1103 3078 1259 3144 oderunt
1282 3087 1329 3146 te.
1612 3113 1618 3148 ι

697 3187 703 3198 ’
757 3177 845 3250 010.
886 3179 961 3248 Pei.
980 3173 1205 3267 Expelssmur
1225 3201 1245 3244 e
1266 3175 1396 3266 petria.

101 3279 159 3342 Ubi
179 3281 320 3343 eiusmodi
339 3280 527 3342 didundioni
548 3279 636 3342 οιίιιιι
657 3289 788 3342 motetus
808 3277 881 3339 ordo
902 3277 1061 3338 sorborum
1082 3275 1214 3352 secedit,
1236 3277 1406 3338 astoeissm
1428 3280 1457 3340 ei
1478 3277 1681 3362 prsefigemns
1697 3273 1782 3354 boet,
1805 3297 1823 3340 a
1843 3295 1903 3359 qna
1928 3277 1960 3338 is
1972 3274 2030 3340 tte.
2044 3273 2134 3351 Iius·

105 3381 227 3446 aequem
248 3383 353 3429 sessum
372 3368 536 3448 iueIperet,
554 3367 580 3428 si
600 3367 756 3426 verborum
778 3365 851 3426 ordo
872 3381 931 3424 aon
952 3371 1081 3426 notatos
1102 3370 1201 3433 estet,
1223 3379 1252 3422 e.
1272 3379 1302 3424 e.

684 3451 774 3524 200.
799 3450 835 3521 Ο
855 3446 950 3518 lovis
969 3447 1042 3521 fitia
1065 3441 1087 3482 ⁸
1107 3448 1303 3518 sustineam
1325 3449 1547 3522 servitutem.

107 3551 210 3618 lolId.
228 3554 317 3616 Bern.
338 3555 418 3616 euius
438 3551 487 3614 bio
507 3569 610 3612 versus
628 3553 659 3612 in
681 3553 756 3613 dnos
776 3562 823 3614 est
842 3550 970 3629 partitas
990 3547 1094 3608 ordios
1114 3548 1270 3608 verborum
1290 3549 1332 3608 sie
1354 3545 1483 3612 mutst'or

908 3634 944 3705 Ο
962 3631 1057 3704 Iovis
1078 3633 1151 3702 fitia
1174 3631 1292 3704 Diona

793 3738 881 3812 200.
909 3735 1124 3806 servitutem
1149 3733 1358 3809 susstinesm.

106 3841 159 3906 Ubi
183 3861 255 3904 sero
277 3835 423 3921 Stropise
448 3841 545 3922 eiiqns
564 3837 708 3901 Editionis
734 3837 826 3902 Baro.
852 3858 871 3897 s
891 3838 988 3898 medio
1014 3854 1103 3897 versu
1123 3835 1293 3897 Editionum
1314 3833 1460 3914 Xyisndr.
1482 3837 1614 3914 orditer,
1641 3833 1719 3894 hsne
1744 3831 1965 3913 inscriptionem
1994 3827 2136 3912 einsmodi

103 3947 210 4077 iInmEd.
220 3928 459 4096 ffininiassiito,
474 3929 654 4076 immun,
674 3925 728 3986 sed
749 3925 866 4004 Integre
887 3922 1159 4003 superscribenda,
1180 3938 1315 3982 cretosus
1328 3919 1428 4006 (†)ei
1447 3939 1550 3982 sersus
1570 3921 1636 3982 roei
1656 3918 1873 4001 praefigentes,
1892 3933 1911 3978 a
1932 3929 1992 3996 qua
2005 3912 2137 3995 stropha

883 4043 888 4052 ³
945 4085 1287 4190 [Astistropda]

555 4229 624 4325 (vs.
646 4228 753 4326 221.)
783 4222 972 4318 Optimum
997 4221 1201 4295 stridorem.
1224 4220 1251 4304 †
1275 4221 1395 4294 Electa
1420 4249 1464 4295 ex
1486 4224 1577 4296 urbe
1598 4245 1678 4294 men

100 4337 181 4398 usse
201 4334 282 4394 enim
302 4333 333 4392 in
355 4331 413 4395 Ed.
432 4331 523 4394 Bora.
544 4332 587 4394 sis
607 4332 764 4412 teguntnrs

851 4406 1141 4482 Pulcherrimum
1167 4409 1372 4482 stridorem.

1004 4529 1238 4620 Astisiropde.

841 4648 940 4720 Urbe
963 4661 1082 4722 eutem
1105 4649 1217 4732 electe
1241 4670 1284 4717 ex
1306 4669 1399 4730 mee,

101 4775 130 4827 a
1002 4826 1222 4934 [Epeion]

294 5075 302 5092 ⁶
515 4969 583 5065 (vs.
606 4965 712 5064 282.)
738 4963 781 5036 ln
803 4963 977 5039 sacrificio
1000 4962 1151 5039 Phoebi.
1177 4963 1206 5050 †
1228 4963 1264 5036 Ο
1283 4961 1473 5057 splendens
1494 4973 1596 5056 petra
1621 4961 1714 5053 ignis

102 5081 145 5146 Β
164 5077 336 5180 ⁸''”‘·⁸¹⁶⁵
722 5097 735 5124 ’
905 5145 948 5220 tn
971 5151 1144 5224 neruoso
1167 5147 1318 5224 sinent.

1043 5275 1189 5366 moso.

848 5376 883 5462 0
913 5393 1103 5485 splendens
1140 5401 1243 5518 petre
1271 5387 1364 5482 ignis
1427 5372 1434 5384 ⁴
