4682 5814
72 249 156 322 sot
575 243 651 316 tv.
702 239 1350 361 numenenarlounounan
1375 242 1628 318 annuns.
1708 313 1711 329 ,
1807 331 1813 344 f
1912 247 1961 310 ¹.
2046 245 2128 322 soe

128 421 317 491 Adversus
358 413 452 488 hanc
500 415 661 508 puellam
702 418 877 490 caleulum
921 417 1081 500 tulerunt
1184 413 1430 488 Persuadebh.
1483 415 1719 512 Sermo-enim
1736 416 1780 486 ab
1804 415 2020 508 ignobilibus
2042 443 2127 512 pro-

412 519 415 525 ’
498 517 637 590 mortis.
1409 523 1436 538 ''
1548 519 1679 603 sectus,

74 621 160 700 260
185 622 318 693 Utrum
348 623 462 692 iatum
492 620 590 712 ipsos
617 620 758 695 induxit
785 617 949 692 homines
972 621 1082 690 inter·
1134 615 1212 692 295
1237 617 1283 689 Et
1306 619 1477 712 praeditis
1494 618 1779 719 autoritatem),
1805 622 1914 708 idem,
1940 624 2126 696 nunidem

494 723 599 792 ficere
1061 745 1065 755 ‘
1550 723 1645 792 valet
1658 723 1717 814 ¹⁴).

130 830 192 900 Ad
202 827 410 908 tumidum,
433 824 497 894 ubi
511 836 669 894 mactare
686 825 795 894 boves
812 825 925 915 magis
941 823 1067 895 decet?
1186 825 1284 896 otor.
1312 825 1394 896 Non
1411 837 1462 894 est
1478 823 1527 895 sio
1543 826 1632 894 dura
1651 820 1808 895 bominis
1824 838 1973 912 natura,
1991 847 1997 852 ·

129 933 191 1002 An
207 953 289 1012 eos,
317 928 381 1021 qui
405 927 521 1018 ipsum
545 927 817 1009 interfecerunt,
850 927 1003 998 vicissim
1027 927 1081 994 in·
1185 926 1289 1018 Quae
1304 928 1464 998 luctuum
1481 939 1515 995 et
1529 927 1718 1016 longarum
1737 927 2063 1018 complorationum

493 1029 653 1098 terficerc
676 1029 801 1098 voleus
1184 1029 1344 1100 Audiens
1361 1029 1482 1112 fletus,
1508 1052 1583 1097 uon
1600 1029 1714 1121 possit
1728 1027 1856 1098 eiicere
1873 1027 2087 1125 lachrymas.

131 1136 316 1204 Adversus
329 1127 423 1200 hanc
437 1125 591 1200 Achilles
606 1131 684 1201 iure
701 1129 857 1200 intendit
873 1125 1055 1201 mortem?
1188 1132 1241 1201 tlt.
1269 1132 1304 1201 Ο
1318 1131 1464 1201 Hecuba
1480 1133 1651 1216 doceare,
1677 1155 1795 1225 neque
1811 1153 1877 1224 per
1893 1131 1984 1202 iram

131 1235 247 1332 Atqui
264 1235 406 1304 nullum
421 1231 490 1324 ipsi
506 1229 596 1302 haec
611 1233 857 1304 lecitmalum.
893 1231 899 1246 ”
1133 1235 1211 1308 300
1236 1233 1296 1303 Me
1310 1234 1577 1304 benedicentem
1592 1234 1769 1304 infensum
1788 1233 1900 1326 liugas
1916 1234 2105 1310 inanimo.
2193 1287 2198 1294 ·

80 1335 160 1416 26⁵
187 1338 363 1408 Helenam
380 1336 481 1406 illum
505 1347 627 1426 petere
650 1347 794 1427 oportet
817 1328 1007 1427 sepulchro
1030 1330 1080 1436 yi-
1183 1333 1268 1426 Ego·
1279 1337 1423 1430 quidem
1439 1351 1540 1406 tuum
1559 1359 1709 1428 corpus,
1735 1338 1911 1430 perquod
1925 1339 2010 1410 felix
2024 1339 2097 1425 lui,

499 1438 665 1516 ctimam;
884 1496 888 1502 .
1185 1437 1335 1508 Servare
1351 1451 1496 1529 paratus
1511 1463 1610 1521 sum,
1637 1450 1672 1507 et
1687 1461 1762 1506 non
1777 1437 1880 1508 aliter
1893 1441 1985 1512 dico.

132 1539 198 1612 [lla
216 1540 314 1610 enim
330 1538 489 1632 perdidit
508 1539 625 1630 ipsum
650 1539 697 1608 ad
711 1537 862 1607 Troiam
885 1537 1030 1608 ducens.
1185 1538 1288 1631 Quae
1305 1565 1390 1610 vero
1407 1542 1480 1610 dixi
1499 1542 1593 1631 apud
1610 1563 1748 1622 omnes,
1763 1563 1838 1610 non
1854 1543 2012 1634 negabo:

132 1645 173 1713 Si
205 1666 292 1711 vero
329 1641 505 1733 captivam
544 1653 686 1733 oportet
721 1640 877 1734 aliquam
913 1637 1079 1708 eximiam
1186 1641 1298 1711 'l'roia
1317 1655 1419 1735 capta
1436 1645 1515 1712 viro
1532 1641 1707 1733 primario
1726 1643 1898 1714 exereitus

499 1743 594 1812 mori
892 1772 913 1814 o
1136 1740 1213 1816 305
1239 1743 1357 1814 Tiram
1382 1746 1490 1814 liliam
1517 1746 1675 1813 dandam
1698 1769 1772 1816 csse
1796 1743 1978 1815 victimam
2005 1757 2128 1838 postu·

132 1841 410 1916 pulchritudine
426 1845 670 1914 excellentem:
698 1867 773 1912 non
788 1855 952 1914 nostrum
968 1837 1056 1920 hoc;
1555 1846 1656 1917 lanti.

132 1947 272 2018 Helena
282 1947 386 2017 'enim
399 1949 516 2018 forma
536 1959 588 2017 est
604 1945 929 2038 praestantissima,
1186 1946 1226 2016 ln
1243 1943 1312 2018 hoc
1328 1949 1423 2017 enim
1439 1948 1606 2017 laborant
1621 1948 1755 2017 multae
1771 1949 1897 2033 urbes,

79 2051 158 2126 270
182 2049 316 2120 iniuste
356 2049 489 2120 iaciens
528 2049 633 2119 nobis
672 2045 764 2118 nihil
799 2047 918 2118 minus
955 2048 1081 2140 depre-
1187 2051 1342 2143 Quando
1361 2051 1440 2146 quis
1454 2051 1571 2121 bonus
1587 2063 1622 2120 et
1637 2063 1828 2142 promptus
1844 2051 1997 2126 existens
2013 2053 2088 2138 vir,

498 2147 607 2221 hensa
630 2163 694 2222 est.
909 2191 914 2198 ·
1185 2148 1285 2224 Nihil
1300 2153 1417 2223 aufert
1431 2175 1519 2245 prae
1534 2153 1673 2243 ignavis
1688 2151 1853 2244 amplius.

1 2333 2 2350 ἦ
130 2255 213 2325 Hoc
228 2254 374 2348 quidem
396 2253 487 2324 iuste
503 2265 600 2322 certo
616 2277 793 2324 sermone.
1185 2253 1298 2326 Nobis
1315 2269 1433 2326 autem
1448 2251 1605 2327 Achilles
1622 2255 1750 2346 digitus
1767 2251 1926 2339 honore,
1942 2278 1963 2323 o
1978 2255 2130 2340 mulier,

133 2359 239 2452 Quae
253 2380 341 2427 vero
356 2359 553 2449 rependere
569 2368 713 2448 oportet
727 2367 783 2438 te,
796 2365 981 2444 repetente
1000 2375 1070 2434 me,
1134 2357 1211 2427 310
1237 2357 1403 2428 Mortuus
1418 2381 1486 2450 pro
1503 2369 1598 2426 terra
1606 2359 1742 2427 Graeca
1757 2345 2007 2428 honestissime
2014 2357 2131 2454 viru).

131 2461 243 2531 Audi·
303 2459 468 2551 Τθῑῑεῐδῑὶ
490 2481 628 2540 meam,
657 2458 960 2553 quemadmodum
982 2453 1082 2534 dicis,
1185 2461 1243 2528 An
1260 2485 1334 2529 non
1348 2455 1418 2528 hoc
1436 2471 1537 2550 tu'rpe
1554 2471 1624 2541 est,
1648 2457 1679 2528 si
1694 2457 1835 2527 vidente
1853 2459 1997 2552 quidem
2013 2461 2129 2531 amico

501 2583 670 2630 manum:
1186 2559 1349 2642 Utimur3
1384 2587 1464 2632 cum
1494 2585 1581 2630 vero
1610 2559 1767 2645 interiit,
1792 2584 1876 2630 non
1898 2563 2034 2632 utimur
2054 2587 2130 2636 atu·

129 2663 179 2734 Et
194 2660 292 2734 hanc
308 2663 438 2732 anilem
454 2662 617 2732 accidens
633 2683 774 2751 genam.
1555 2660 1676 2753 plius?

78 2765 157 2838 275
184 2765 350 2838 Vicissim
367 2765 580 2855 attingotua
598 2759 687 2834 haee
704 2763 827 2832 eadem
845 2783 929 2852 ego,
1184 2766 1347 2857 Agedum
1366 2765 1514 2860 quinam
1529 2765 1625 2835 dicat
1639 2763 1737 2858 quis,
1763 2763 1795 2834 si
1809 2763 1939 2834 iterum
1958 2781 2131 2860 appareat

131 2869 375 2963 Gratiamque
388 2890 538 2960 reposco
555 2867 716 2958 priorem
734 2877 770 2934 el
785 2861 946 2955 suppllffl
964 2860 1042 2944 fibi,
1171 2868 1438 2962 ‘Exercitusque
1454 2864 1637 2950 collectio,
1661 2861 1891 2961 hostiumque
1908 2879 2108 2940 certamen:

130 2973 191 3046 Ne
207 2995 326 3042 meam
342 2971 453 3041 filiam
470 2994 513 3040 οἱ
528 2968 694 3039 manibus
709 2969 869 3049 auserit,
1028 3037 1031 3042 .
1135 2968 1213 3048 ³15
1237 2973 1371 3042 Utrum
1389 2972 1623 3054 certabimus,
1650 2991 1698 3037 an
1713 2971 1939 3042 consulemus
1952 2969 2067 3056 vitae,

132 3077 262 3171 Neque
277 3073 508 3144 interficiatis.
559 3069 833 3140 interfectorum
850 3067 1018 3140 satisest.
1187 3073 1375 3144 Mortuum
1392 3073 1552 3145 videntes
1569 3095 1645 3141 non
1659 3065 1824 3152 habitum
1841 3073 1880 3141 in
1901 3069 2073 3145 honore?

132 3179 214 3248 Hac
231 3179 372 3270 gaudeo
389 3189 424 3246 et
441 3173 633 3246 obliviscor
652 3174 854 3256 malorum,
988 3199 993 3212 ·
1186 3175 1298 3269 Atqui
1314 3171 1404 3245 mihi
1422 3176 1566 3270 quidem
1585 3173 1722 3242 viventi
1737 3175 1781 3242 de
1796 3173 1867 3257 die,

74 3285 161 3362 280
190 3281 287 3350 liaeo
303 3303 371 3373 pro
384 3277 509 3350 multis
524 3289 578 3348 est
591 3271 682 3346 mihi
698 3272 917 3355 consolatio,
1184 3277 1263 3350 Etsi
1277 3301 1391 3370 pauca
1405 3274 1578 3358 habeam,
1605 3274 1727 3344 omnia
1744 3275 1932 3349 sufficient.

133 3384 291 3467 Civitas,
316 3379 457 3467 nutrix,
482 3381 649 3462 baculus,
675 3379 747 3448 dux
763 3375 855 3447 viae.
905 3455 907 3460 ,
1187 3377 1422 3474 Sepulchrum
1439 3394 1559 3452 autem
1578 3377 1735 3471 optarim
1749 3373 1970 3448 honoratum

132 3488 253 3578 „Non
265 3485 421 3558 victores
441 3495 584 3577 oportet
606 3481 798 3572 imperare,
824 3499 917 3572 qnae
934 3499 1009 3545 non
1022 3475 1083 3546 de-
1137 3487 1213 3560 320
1238 3485 1362 3566 Meum
1396 3486 1517 3555 videre
1534 3480 1595 3577 ¹⁶).
1654 3477 1695 3549 ln
1729 3482 1877 3573 longum
1913 3479 2008 3552 enim
2043 3476 2131 3550 haec

505 3595 602 3654 cent:
1546 3583 1708 3676 gratia.-

135 3693 297 3786 „Neque
313 3717 393 3778 eos,
419 3691 481 3785 qui
497 3687 647 3758 feliciter
663 3695 792 3776 agunt,
817 3693 965 3774 putare,
986 3682 1083 3774 quod
1188 3688 1224 3758 Si
1242 3689 1545 3776 veromiseranda
1565 3709 1706 3776 passam
1718 3698 1770 3754 'te
1787 3683 1892 3768 dicis:
1921 3681 2009 3755 haec
2029 3683 2131 3755 vicis-

500 3789 649 3860 leliciter
666 3799 772 3878 agent
786 3807 928 3874 semper
937 3781 996 3878 ¹¹).
1549 3789 1616 3858 sim
1634 3789 1717 3858 andi
1734 3811 1752 3856 a
1771 3811 1842 3858 me.

138 3895 219 3984 „Et
237 3919 304 3988 ego
326 3893 422 3965 enim
448 3915 547 3963 eram
570 3893 678 3973 Olim,
710 3889 771 3959 ted
792 3911 889 3958 ΜΕ
908 3907 985 3954 1¹⁰ss
1010 3908 1084 3952 ³1¹¹·
1189 3893 1281 3962 Sunt
1295 3892 1391 3982 apud
1405 3915 1471 3960 nos
1486 3914 1561 3960 non
1576 3889 1696 3958 minus
1710 3889 1868 3960 infelices

503 3995 598 4088 plius
617 4017 708 4064 suro·
822 4051 825 4058 .
1187 3994 1359 4064 Aniurlae
1373 3993 1540 4062 mulieres
1558 4002 1621 4059 aut
1637 4013 1738 4060 senes
1755 4013 1863 4072 anus,
1889 3995 1998 4082 quam
2015 3998 2076 4070 tu,
2100 4054 2107 4062 .

86 4101 166 4183 285
195 4099 440 4188 „Universam
468 4121 555 4167 vero
573 4095 779 4166 felicitatem
804 4090 879 4161 dies
899 4111 971 4159 una
995 4082 1084 4156 mibi
1186 4096 1417 4189 sponsaeque
1434 4090 1747 4185 praestantissimis
1762 4091 1902 4183 sponsis
1919 4091 2086 4174 orbatae,

503 4199 647 4290 eripuit.
1138 4195 1213 4274 325
1240 4198 1406 4292 Quorum
1421 4197 1487 4268 iste
1502 4195 1624 4266 obruit
1639 4217 1792 4286 corpora
1804 4193 1986 4266 Troianus
2002 4193 2133 4287 pulvis.

143 4306 213 4378 Sed
229 4329 250 4373 o
272 4301 421 4375 charum
437 4314 619 4383 mentum,
645 4295 841 4370 reverearis
863 4317 934 4376 ute,
1188 4301 1329 4372 Sustine
1342 4295 1442 4370 haec.
1493 4298 1567 4372 Nos
1582 4321 1670 4367 vero
1687 4297 1717 4368 si
1730 4297 1824 4367 male
1840 4298 2029 4369 statuimus

141 4409 330 4488 sinerem
350 4407 485 4474 vadens
498 4428 583 4476 vero
599 4402 643 4472 ad
653 4401 874 4472 Graecorum
893 4394 1084 4468 exercitum
1189 4403 1379 4474 Honoras
1393 4403 1547 4487 fortem,
1573 4400 1734 4471 inscitiae
1750 4399 1805 4472 rei
1819 4401 1964 4472 erimus,

143 4513 329 4594 Admone,
356 4531 463 4604 mam
481 4505 680 4578 interlicere
703 4499 985 4592 ignominiosum
1190 4505 1264 4577 Vos
1277 4505 1423 4574 barbari
1436 4529 1523 4575 vero
1539 4527 1656 4598 neque
1675 4501 1809 4602 amicos
1825 4527 1893 4596 pro
1907 4497 2030 4570 amicis

142 4613 314 4686 Mulieres
329 4611 436 4707 (quas
448 4609 607 4702 primum
622 4629 698 4676 non
711 4601 954 4699 interfecistis)
1190 4608 1348 4692 Ducitis,
1373 4631 1492 4702 neque
1506 4603 1653 4678 honeste
1669 4619 1833 4676 mortuos

95 4721 172 4802 290
196 4715 251 4786 Ab
266 4714 440 4786 altaribus
456 4709 668 4794 avellentes,
695 4709 757 4778 sed
771 4705 909 4777 miserti
924 4703 1018 4774 estis.
1141 4733 1248 4746 --m-
1263 4735 1345 4745 ---

145 4819 218 4890 nx
234 4819 330 4888 sm
543 4825 579 4884 a
597 4810 719 4881 aas
739 4828 853 4903 am
1177 4785 1928 4929 ¹aassalissanuaaatacit·

146 4923 193 4996 Et
204 4921 316 4993 servis
331 4921 375 4988 de
390 4917 563 5010 sangnine
571 4913 619 5010 ¹⁸)
635 4912 751 5005 Ρθδῑῑθ
770 4923 833 4980 ⁸⁵²·
1175 4951 1223 5008 u)
1243 4949 1314 5000 nuto
1333 4949 1392 4998 roeo
1411 4946 1439 4997 n
1456 4947 1507 4996 nu.
1528 4945 1605 4997 sose.
1622 4942 1732 4993 suen
1749 4943 1792 4991 su
1808 4942 1874 4992 noo
1891 4938 2023 5004 morum
2050 4943 2131 5005 ,uu-

146 5029 262 5098 ¹'⁰¹¹⁰
277 5021 451 5115 ‘'lim'’
476 5017 616 5144 ‘fimi
630 5015 724 5087 “¹³¹⁰
738 5013 856 5094 ‘Hm’
882 5022 944 5079 ¹¹¹³
1209 5017 1408 5150 bittit:
1424 5006 2132 5144 billdatii.tltttsstfflttltt

1209 5153 1369 5208 tit-29⁶.
1388 5153 1543 5202 aemuletur
1562 5150 1608 5201 stt.

1178 5241 1225 5298 tn)
1244 5239 1314 5292 noto
1329 5237 1392 5288 loco
1411 5237 1439 5288 tn
1457 5235 1505 5288 td.
1526 5234 1603 5288 Μ.
1620 5231 1747 5298 opposito
1765 5235 1810 5284 est
1828 5231 2044 5297 nonnarum
2071 5231 2132 5286 llo·

107 5201 309 5222 ρ...-

135 5317 180 5375 tt)
197 5315 267 5365 liuto
283 5315 345 5365 loco
363 5311 392 5362 tn
409 5309 460 5364 Ed.
482 5307 556 5360 Μ.
584 5303 714 5370 opposito
730 5304 776 5352 ost
792 5296 936 5352 eunomio
949 5294 1088 5371 *wgtnr
1208 5321 1262 5362 Μ,
1278 5305 1376 5357 ,mm
1393 5305 1543 5356 bobendon.
2258 5368 2264 5376 '

166 5385 250 5436 Vim
267 5393 370 5460 nron.
1084 5393 1089 5402 ·
1126 5439 1130 5450 .
1164 5392 1224 5463 ao)
1242 5395 1322 5448 luo
1344 5393 1416 5444 isos
1438 5389 1468 5442 n
1492 5401 1580 5458 urg.
1606 5389 1654 5443 na.
1675 5389 1750 5445 asos.
1774 5387 1920 5454 inmens:
1955 5388 2039 5441 rens
2068 5389 2132 5450 sose

135 5491 178 5556 n)
196 5491 248 5542 llis
265 5490 293 5540 tn
311 5498 397 5553 neg.
415 5485 465 5538 nu.
487 5481 563 5536 toti.
580 5478 719 5540 adscripta
739 5477 782 5526 est
801 5484 882 5525 corr
899 5471 1018 5526 cestu.
1197 5465 1333 5525 ,nonen
