4700 5808
92 195 141 268 aa
277 189 418 267 xxva
463 189 865 314 mmeramme
886 191 1059 269 mauis
1084 188 1476 292 ouaunuanrm
1499 187 1788 264 erorauaar
1821 187 1953 264 rma
2088 191 2142 269 aa

189 359 594 440 Achominibusmulta
617 366 785 438 accidunt
809 379 959 460 propter
984 381 1090 458 gene·
1140 377 1211 439 tur.
1270 364 1340 436 Sed
1361 389 1443 436 cum
1465 364 1721 458 praevidentur
1742 375 1778 434 et
1798 364 2142 454 caventurtfnatura-

88 470 203 540 ralem
222 467 537 555 constitutionem,
562 493 638 540 non
661 493 703 540 ex
724 469 871 563 propria
897 469 1091 562 particula·
1139 469 1232 540 libus
1247 468 1428 553 remediis,
1453 491 1544 562 quae
1561 469 1634 538 vim
1651 464 1786 538 babent
1801 468 2019 540 contrariam
2036 470 2142 563 quasi

89 573 137 644 ris
155 585 308 643 naturae
324 571 511 666 qualitate:
539 569 580 641 u‘t
596 575 742 668 quando
766 585 916 664 propter
941 597 1088 664 magnas
1140 571 1242 642 fatali
1260 572 1407 655 ordine,
1435 581 1498 640 aut
1518 595 1665 662 prorsus
1692 583 1923 656 avertuntur,
1960 583 2022 644 aut
2043 572 2143 643 miti·
2184 611 2188 621 ·

91 675 180 746 aeris
205 673 476 759 conversiones,
519 699 612 770 quae
637 674 826 746 difficulter
860 675 979 746 caveri
1007 700 1089 767 pos·
1141 688 1273 768 gantur
1289 686 1449 744 eventus.

89 792 191 862 sunt,
218 789 316 848 totae
341 789 462 868 gentes
484 775 685 861 intereunt,
718 779 809 850 sicut
830 779 869 847 fit
890 777 928 846 in
950 775 1089 846 ardori·
1243 775 1409 870 Denique
1424 799 1504 844 cum
1523 775 1648 844 eadem
1665 773 1717 844 vis
1733 773 1973 865 conspiciatur
1989 775 2028 844 in
2050 799 2141 872 qua·
2201 775 2210 790 “

87 883 172 964 bus,
200 892 264 949 aut
279 879 500 974 pestilentia,
521 892 583 949 aut
596 879 759 964 diluviis,
783 905 863 950 cum
880 887 1020 975 sempe'r
1035 879 1089 948 in·
1141 891 1224 949 tuor
1239 879 1325 960 anni
1340 877 1522 970 partibus,
1550 877 1637 946 etin
1653 872 1929 968 particularibus
1944 902 2141 970 corporum

87 983 200 1053 ferior
218 1005 323 1053 causa
339 984 547 1054 succumbat
566 983 699 1052 maiori
721 995 755 1053 et
777 981 955 1054 validiori.
1007 981 1088 1050 Alia
1140 981 1420 1063 mutationibus,
1463 979 1595 1049 mirum
1619 991 1690 1063 est,
1725 1003 1789 1048 cur
1809 1003 1934 1050 omnes
1958 981 2140 1054 fateantur

88 1111 175 1156 vero
199 1083 370 1154 eveniunt
394 1097 543 1179 propter
567 1084 790 1177 singulorum
814 1084 978 1156 naturale
1000 1097 1088 1154 tem·
1140 1086 1324 1176 generales
1358 1082 1621 1174 praedictiones
1654 1081 1841 1174 possibiles
1876 1107 1970 1168 esse,
2018 1086 2140 1179 eisque

90 1200 365 1282 perornentum,
392 1188 437 1255 ab
456 1187 581 1279 exigua
598 1201 634 1258 et
650 1187 820 1258 imbecilli
838 1188 928 1258 coeli
947 1189 1088 1258 actione
1140 1189 1248 1256 fidem
1271 1183 1447 1267 habeant,
1487 1196 1522 1253 et
1547 1182 1767 1276 diligentiam
1790 1185 1829 1255 in
1853 1189 2013 1256 cavendo
2038 1185 2141 1258 adhi-

89 1304 181 1362 orta.
234 1289 313 1358 Hoc
330 1289 534 1359 discrimine
557 1289 832 1375 animadverso,
859 1289 1087 1386 perspicuum
1139 1291 1259 1360 beant.
1310 1289 1404 1362 Nam
1423 1300 1579 1380 quatuor
1600 1287 1688 1356 anni
1710 1300 1894 1379 tempora,
1928 1301 1964 1358 et
1987 1291 2140 1362 fixarum

88 1407 158 1476 est,
187 1405 350 1474 eventus,
375 1417 439 1462 seu
454 1417 660 1464 communes
677 1419 740 1464 seu
754 1393 1002 1486 particulares,
1025 1391 1089 1488 qui
1141 1393 1323 1463 stellarum
1347 1389 1642 1482 significationes,
1677 1402 1712 1458 et
1728 1385 1853 1460 Lunae
1868 1390 2026 1483 positus,
2060 1395 2141 1486 plu·

89 1523 106 1564 a
125 1495 230 1565 coelo
252 1507 392 1564 tantum
418 1495 604 1580 oriuntur,
638 1496 696 1566 cui
717 1496 815 1567 nulla
840 1497 893 1567 vis
918 1497 1087 1568 obsistere
1140 1495 1224 1564 rimi
1240 1507 1275 1566 et
1289 1498 1482 1566 observant
1498 1504 1532 1562 et
1548 1517 1679 1584 magna
1695 1492 1878 1584 diligentia
1897 1494 2054 1564 remedia
2075 1523 2141 1590 op-

87 1609 226 1692 potest‚
276 1598 445 1690 quodque
474 1599 547 1665 vim
579 1599 755 1669 maiorem
786 1595 896 1670 habet
928 1599 1089 1695 quolibet
1141 1607 1298 1690 po‘nunt3
1343 1611 1479 1668 aestum
1515 1596 1656 1666 leniunt
1687 1596 1793 1667 rebus
1826 1595 2141 1687 frigefacientibun

86 1715 214 1772 contra
230 1699 391 1783 nitente,
417 1699 617 1772 necessario
637 1702 809 1772 accidere.
1140 1698 1296 1772 hiemem
1327 1697 1632 1782 calefacientibus,
1681 1709 1717 1766 et
1747 1697 1785 1768 in
1814 1699 2023 1770 universum
2051 1705 2142 1774 dant

191 1800 268 1869 Alii
285 1826 371 1870 vero
389 1816 554 1887 eventus,
579 1804 641 1897 qui
654 1829 729 1874 non
745 1830 764 1873 a
781 1804 857 1876 solo
875 1815 978 1874 motu
998 1799 1089 1872 coeli
1142 1829 1311 1896 operam,
1336 1816 1377 1873 ut
1398 1813 1767 1894 temperamentorum
1784 1800 2049 1874 mediocritates
2067 1805 2141 1876 effi·

88 1905 280 1988 oriuntur,
321 1904 351 1974 si
375 1906 546 1976 accedant
572 1907 736 1998 opposita
766 1907 945 1990 remedia,
986 1905 1088 1976 facile
1141 1908 1255 1990 ciant;
1298 1907 1490 1976 observant
1516 1918 1550 1974 et
1575 1905 1694 1974 stellas
1718 1905 1825 1989 fixas,
1866 1918 1949 1974 ante
1981 1919 2140 2000 quatuor

91 2011 305 2085 mutanturj
352 2005 382 2075 si
415 2032 501 2076 vero
534 2033 610 2076 non
644 2005 883 2081 adhibeantur
918 2007 1089 2089 remedia,
1141 2008 1229 2080 anni
1243 2022 1405 2102 tempora
1424 2019 1459 2078 et
1474 2021 1556 2077 ante
1574 2005 1835 2098 navigationes.
1884 2005 2140 2081 lncoicuvem
2192 2081 2195 2088 ,

88 2124 239 2180 eventus
263 2121 458 2202 sequentur
480 2106 615 2201 primas
640 2137 773 2184 causas.
840 2110 951 2207 ldque
973 2113 1012 2181 fit
1035 2109 1089 2178 in·
1140 2134 1311 2205 pecorum
1337 2124 1372 2182 et
1394 2111 1554 2182 serendis
1573 2109 1725 2202 plantis,
1758 2109 1884 2182 Lunae
1901 2113 2039 2205 positus
2056 2137 2163 2182 con-·

6 2301 7 2306 ἵ
88 2213 238 2285 scientia
261 2207 472 2295 hominum,
504 2237 579 2285 non
604 2227 753 2306 propter
772 2217 917 2286 fatalem
940 2212 1091 2284 necessi-

6 2335 7 2356 ἒ
89 2328 215 2386 tatem.
285 2312 383 2383 ldem
408 2315 534 2384 accidit
558 2316 596 2384 in
623 2319 810 2401 omnibus,
843 2343 934 2414 quae
953 2314 1091 2387 habent

6 2423 7 2506 ζ
88 2443 214 2488 causas
228 2417 411 2486 naturales
429 2428 463 2485 et
478 2417 668 2512 principia.
720 2421 814 2492 Nam
833 2435 869 2492 et
893 2419 1031 2512 lapides
1055 2430 1091 2488 et

6 2579 7 2592 ,
90 2522 236 2614 plantae
265 2531 301 2587 et
329 2521 546 2605 animantia,
597 2536 632 2591 et
660 2523 810 2594 vulnera
841 2537 875 2593 et
905 2523 1024 2592 morbi
1055 2532 1091 2590 et

91 2622 354 2716 aegritudines,
387 2622 519 2714 partim
544 2626 760 2698 necessarias
779 2622 915 2696 habent
935 2625 1090 2696 effectio-

93 2752 175 2810 nes,
200 2723 340 2818 partim
353 2725 521 2819 impediri
538 2727 712 2819 oppositis
729 2729 897 2800 remediis
912 2739 1074 2828 possunt.

193 2827 254 2898 Sic
269 2827 379 2919 igitur
394 2827 669 2900 existimandum
689 2845 760 2916 est,
785 2846 937 2903 naturae
954 2830 1090 2903 studio-

91 2957 150 3002 sos
167 2931 374 3023 praedicere
396 2945 563 3018 eventus,
595 2933 659 3027 qui
683 2935 850 3006 accidunt
870 2929 1091 3018 hominibus,

91 3035 157 3105 tali
173 3033 361 3118 doctriua,
385 3057 460 3104 non
474 3034 576 3104 inani
590 3035 711 3132 aliqua
732 3037 915 3132 opinione.

196 3137 365 3229 Quorum
381 3136 491 3228 igitur
509 3151 701 3210 eventuum
725 3141 859 3212 multae
882 3155 917 3212 et
938 3163 1091 3232 magnae

93 3262 223 3312 causae
245 3251 349 3323 sunt,
381 3235 525 3312 bisunt
545 3241 787 3326 inevitabiles;
829 3246 891 3316 sed
913 3244 994 3326 alii,
1027 3242 1091 3336 qui

92 3344 249 3412 leviores
281 3337 417 3411 babent
448 3367 597 3428 causas,
646 3346 749 3416 facile
784 3347 892 3418 vitari
924 3357 1092 3440 possunt;

92 3447 186 3518 sicut
200 3444 352 3529 medici,
379 3445 443 3539 qui
460 3449 607 3518 morbos
623 3461 699 3518 arte
715 3451 927 3534 observant,
962 3449 1093 3538 discer-

92 3553 187 3620 nere'
196 3561 349 3641 possunt
365 3547 487 3620 letales
505 3551 550 3620 ab
565 3551 629 3635 iis,
653 3553 813 3647 quisunt
829 3552 1015 3624 curabiles.

197 3651 254 3720 De
269 3646 326 3720 his
339 3650 449 3742 igitur
464 3655 667 3738 eventibus,
695 3656 758 3750 qui
773 3655 907 3727 mutari
930 3667 1094 3748 possunt,

93 3755 143 3827 sic
162 3753 352 3824 audiemus
367 3751 659 3841 Genethliacum,
686 3783 768 3828 cum
786 3759 867 3830 talis
891 3758 938 3830 sit
962 3759 1093 3830 consti·

94 3856 207 3929 tutio:
237 3857 275 3926 Si
295 3857 405 3926 fuerit
427 3859 613 3931 conversio
635 3862 911 3954 temperamenti
932 3862 1094 3954 corporis

95 3961 295 4036 secundum
310 3959 390 4051 plus
405 3961 463 4030 vel
476 3962 615 4065 minus,
649 3963 746 4034 iuxta
773 3958 867 4036 hanc
887 3964 980 4035 aeris
1005 3989 1093 4059 qua-

94 4067 256 4148 litatem,
281 4063 431 4134 morbus
447 4063 527 4135 talis
547 4066 682 4138 existet.
734 4065 793 4137 Sic
812 4081 847 4138 et
870 4067 1029 4138 medicus
1050 4069 1095 4137 de

94 4169 276 4240 ulceribus
291 4165 472 4249 iudicans,
496 4169 657 4239 futurum
672 4170 871 4262 praedicet:
905 4193 997 4265 quae
1023 4193 1095 4241 ser-

94 4283 203 4364 pent,
231 4293 324 4364 quae
339 4270 637 4362 putrefactionem
651 4273 794 4344 facient.
837 4272 895 4343 Sic
911 4285 946 4342 et
959 4273 1003 4341 de
1021 4297 1096 4342 me-

95 4375 189 4444 tallis
203 4372 278 4441 dici
293 4383 427 4464 potest:
452 4373 603 4466 Magnes
618 4375 754 4446 ferrum
772 4371 894 4445 trahit.
947 4373 1096 4444 Utrum-

98 4502 167 4572 que
184 4474 283 4546 enim
300 4475 330 4545 si
343 4499 429 4545 suae
443 4489 594 4547 naturae
610 4478 852 4572 relinquetur,
879 4491 914 4548 et
929 4476 1096 4576 ignoren-

99 4593 155 4650 tur
176 4577 435 4682 impedientia,
459 4579 532 4648 vim
550 4581 726 4652 exercebit
744 4605 830 4653 suae
846 4593 997 4652 naturae
1012 4604 1096 4673 pro*

97 4685 216 4776 priam
236 4695 272 4750 et
287 4681 456 4774 primam.
515 4681 585 4752 Sed
608 4684 726 4754 ulcera
750 4708 817 4754 nec
837 4696 1002 4776 serpent,
1031 4707 1098 4753 nec

96 4787 398 4878 putrefactionem
413 4782 558 4870 facient,
584 4787 615 4858 si
629 4788 810 4856 contraria
826 4787 966 4857 curatio
982 4811 1098 4858 acces-

1141 2215 1320 2294 siderant;
1347 2237 1465 2306 neque
1491 2209 1584 2284 hanc
1606 2213 1839 2306 diligentiam⁸
1852 2225 1916 2284 aut
1934 2212 2141 2306 impossibi-

1141 2319 1233 2401 lem,
1273 2328 1337 2386 aut
1358 2315 1522 2386 inutilem
1548 2340 1621 2386 esse
1646 2327 1801 2386 censent.
1869 2314 1943 2386 Cur
1967 2316 2076 2408 igitur
2099 2319 2140 2388 in

1141 2418 1419 2513 particularibus
1448 2430 1583 2510 negant
1617 2418 1824 2510 possibilem
1853 2419 2139 2510 praedictionem

1143 2535 1206 2594 aut
1218 2522 1344 2592 utilem
1362 2545 1454 2604 esse,
1481 2545 1561 2592 cum
1578 2545 1621 2590 ex
1636 2513 1857 2614 reliquarum
1875 2520 2140 2612 proprietatum

1141 2625 1319 2708 mixtura,
1350 2623 1468 2694 maior
1493 2636 1556 2694 aut
1576 2623 1698 2693 minor
1722 2635 1839 2695 aestus
1861 2635 1924 2694 aut
1943 2618 2141 2703 humiditas
2196 2641 2207 2650 “

1141 2723 1387 2824 praedicitur?

1246 2829 1337 2900 Cum
1352 2822 1472 2900 autem
1488 2827 1720 2898 manifestum
1735 2827 1798 2913 sit,
1819 2831 2003 2922 generales
2023 2846 2142 2910 aestus

1142 2932 1262 3004 minias
1278 2932 1410 3006 sentire
1432 2955 1511 3016 eos,
1544 2931 1608 3026 qui
1630 2931 1761 3024 frigida
1784 2945 1990 3033 opponunt:
2023 2951 2145 3030 potest

1143 3039 1270 3107 eodem
1287 3037 1396 3106 modo
1414 3034 1453 3104 in
1467 3034 1708 3126 singularibus
1725 3033 1839 3120 fieri,
1855 3047 2143 3130 ut‘opponantur

1143 3139 1302 3224 remedia
1324 3140 1495 3208 adversus
1520 3161 1582 3222 ea,
1613 3161 1705 3230 quae
1729 3149 1861 3229 augent
1883 3138 2143 3219 immoderatos

1144 3246 1317 3326 ardores,
1342 3239 1572 3333 peculiariter
1588 3240 1627 3308 in
1642 3233 1711 3311 hoe
1729 3253 2025 3334 temperamento.

1246 3344 1316 3416 Sed
1333 3367 1473 3414 errores
1496 3343 1533 3413 in
1556 3342 1797 3438 singularibus
1817 3368 1860 3413 eo
1885 3346 2027 3438 saepius
2050 3351 2142 3422 acci..

1144 3449 1254 3534 dunt,
1283 3459 1475 3540 propterea
1498 3449 1595 3541 quod
1621 3447 1809 3518 difficulter
1831 3451 2036 3540 praevideri
2060 3453 2144 3546 pos-

1144 3564 1247 3636 sunt,
1274 3551 1373 3645 quod
1389 3550 1495 3619 etiam
1511 3550 1548 3618 in
1569 3550 1717 3646 reliquis
1738 3551 1875 3620 artibus
1896 3553 2044 3640 accidit,
2076 3559 2144 3630 eis-

1145 3680 1215 3750 que
1229 3655 1335 3724 fidem
1353 3649 1520 3724 detrahit.
1571 3651 1711 3724 Deinde
1727 3654 1938 3750 plerumque
1961 3661 2144 3733 contraria

1145 3757 1304 3828 remedia
1320 3757 1562 3848 negliguntur,
1587 3779 1628 3824 ac
1642 3755 1823 3827 rarissima
1840 3769 1892 3828 est
1905 3773 2036 3830 natura
2051 3765 2143 3834 adeo

1145 3861 1248 3946 felix,
1274 3884 1366 3956 quae
1384 3859 1468 3930 inde
1484 3883 1597 3952 usque
1618 3860 1663 3930 ab
1684 3859 1832 3930 exordio
1854 3884 1929 3930 non
1944 3863 2054 3933 fuerit
2075 3864 2144 3936 im-

1146 3963 1280 4057 pedita.
1331 3958 1417 4032 Inde
1440 3964 1500 4046 bt,
1530 3974 1572 4030 ut
1594 3961 1840 4034 existimentur
1865 3965 1987 4034 omnia
2012 3965 2145 4042 immu-

1148 4066 1305 4139 tabiliter
1320 4065 1482 4148 evenire,
1506 4087 1573 4132 nec
1586 4065 1704 4134 caveri
1720 4087 1836 4155 posse.

1249 4165 1308 4237 Sic
1330 4167 1440 4259 igitur
1462 4177 1598 4238 statuo:
1639 4167 1690 4238 Ut
1711 4166 1912 4260 praevisio,
1946 4170 2012 4242 etsi
2034 4171 2145 4250 inter·

1148 4273 1232 4340 dum
1247 4269 1425 4356 fallimur,
1451 4282 1573 4339 tamen
1590 4269 1709 4367 aliqua
1725 4271 1903 4364 possibilis
1920 4285 1991 4358 est,
2016 4288 2052 4346 et
2067 4273 2146 4344 ani-

1147 4374 1397 4446 madversione
1415 4375 1540 4466 digna:
1567 4373 1616 4444 sic
1633 4386 1668 4444 et
1683 4375 1884 4446 doctrinam
1909 4377 1952 4446 de
1977 4378 2145 4450 cavendis

1148 4476 1273 4562 malis,
1314 4477 1556 4548 etiamsinon
1579 4477 1701 4547 omnia
1728 4477 1877 4564 avertit,
1917 4490 2145 4555 tamencum

1149 4581 1269 4675 aliqua
1291 4579 1465 4673 depellat,
1488 4603 1551 4651 seu
1572 4603 1725 4671 magna,
1750 4604 1813 4651 seu
1829 4604 1963 4672 parva,
1987 4582 2145 4657 studiose

1149 4682 1318 4776 amplecti
1333 4695 1368 4752 et
1384 4681 1506 4774 magni
1521 4681 1612 4752 lucri
1629 4685 1742 4753 instar
1756 4685 1885 4753 ducere
1903 4683 2083 4755 convenit.
2147 4770 2150 4782 Ι

1252 4785 1351 4856 llaec
1377 4811 1459 4859 cum
1482 4782 1650 4879 Aegyptii
1678 4785 1918 4876 intelligerent
1944 4785 1995 4856 ita
2021 4811 2059 4860 se
2081 4783 2146 4859 ha·

104 4892 203 4972 serit,
231 4912 299 4958 nec
319 4888 454 4958 ferrum
478 4883 598 4959 trahet
616 4913 782 4982 magnes,
815 4889 846 4962 si
865 4889 1026 4982 magneti
1048 4889 1099 4961 al·
1149 4889 1255 4973 bere,
1277 4888 1340 4983 qui
1354 4883 1447 4959 hanc
1462 4900 1575 4960 artem
1599 4888 1753 4960 maxime
1773 4888 2019 4976 celebrarunt,
2042 4914 2147 4985 prae-

100 4991 186 5062 lium
203 4991 314 5063 fuerit
332 4989 484 5061 illatum.
534 4991 633 5062 Sicut
657 4992 766 5084 igitur
789 4989 878 5064 haec
901 4991 1099 5084 impedien-
1150 4991 1367 5062 dictionibus
1390 4991 1641 5062 astronomicis
1663 5013 1804 5082 semper
1827 4991 2005 5062 medicam
2020 5008 2147 5067 -artem

101 5093 149 5165 tia
173 5098 251 5166 fato
274 5093 397 5189 aliquo
422 5095 581 5164 naturali
603 5095 822 5166 contrariam
847 5090 984 5164 habent
1008 5095 1099 5179 vim,
1151 5093 1402 5165 adiunxerunt.
1469 5093 1594 5188 Neque
1619 5091 1714 5164 enim
1740 5093 1962 5187 expiationes
1986 5107 2021 5168 et
2044 5121 2148 5170 aver-

103 5197 150 5268 sic
173 5212 210 5271 et
240 5199 285 5268 de
313 5194 609 5270 inclinationibus
638 5223 658 5270 a
690 5199 790 5270 coelo
828 5196 916 5268 ortis
948 5200 1100 5282 dicatur,
1151 5199 1269 5271 siones
1284 5210 1319 5268 et
1341 5197 1500 5268 remedia
1522 5198 1693 5270 adversus
1714 5198 1836 5270 futura
1861 5211 1924 5270 aut
1945 5200 2148 5290 praesentia

106 5324 182 5373 cnm
199 5314 265 5373 aut
279 5299 495 5392 ignorantur
510 5301 654 5386 futura,
687 5314 839 5372 autnon
853 5301 1101 5396 impediuntur
1151 5301 1265 5386 mala,
1302 5301 1508 5372 communia
1531 5298 1588 5370 vel
1610 5301 1862 5396 particularia,
1902 5302 2150 5389 tradidissent,

108 5404 294 5475 contrariis
311 5405 438 5491 rebus,
467 5404 609 5498 primae
629 5417 781 5476 naturae
803 5405 932 5478 seriem
950 5426 1101 5500 sequen·
1151 5403 1182 5476 si
1196 5404 1237 5474 in
1250 5399 1319 5474 hac
1334 5402 1506 5498 opinione
1520 5403 1689 5490 fuissent,
1711 5405 1826 5475 averti
1840 5418 1904 5476 eut
1918 5405 1998 5474 tolli
2015 5429 2151 5504 eonon

150 5521 334 5591 flamma.
357 5521 466 5589 orn.
488 5517 583 5610 Vos..
596 5519 725 5587 xv111.
1556 5511 1582 5582 2
