4662 5804
63 171 139 244 css
577 155 1298 244 axxt'mrnnrnnmntosoms
1321 162 1570 240 malou.
1671 237 1676 245 s
1887 137 1888 140 ‘
2016 177 2090 252 094

63 343 115 418 50
136 340 324 416 Phoebum
340 365 414 414 esse
430 341 592 434 ignorat,
606 355 849 440 neque,'quae
865 343 910 414 sit
925 333 1052 457 matis,
1156 340 1229 406 Ion.
1260 336 1395 409 Currus
1408 337 1613 430 splendidos
1628 345 1912 440 quadrigarum--

476 467 564 512 novr

113 547 162 618 Et
176 548 251 640 ipse
269 570 358 640 puer
373 557 539 641 parentes
555 455 676 629 discit.
717 612 721 625 ,

1155 438 1217 507 Sol
1234 437 1305 508 iam
1322 438 1502 512 illuminat
1517 467 1581 535 per
1603 457 1753 529 terram;

1152 537 1257 610 Astra
1276 565 1362 612 vero
1377 538 1530 616 aetheris
1544 546 1785 622 incenduntur
1798 551 1879 646 igne
1897 548 1965 623 hoe
2033 547 2035 556 ’

110 650 254 721 Iuvenis
279 647 562 741 igitur‘existens
576 644 678 719 'circa
702 649 829 741 stipem
853 649 890 720 in
914 649 1047 745 templo
1103 636 1152 710 86
1174 640 1231 712 Ad
1246 659 1386 716 noctem
1402 669 1551 718 sacram.

476 753 596 820 datum

110 851 319 944 Vagabatur
334 852 478 931 ludens;
505 850 568 922 ubi
584 877 670 923 vero
686 854 798 925 evasit
811 855 850 924 in
865 853 997 936 virum,

1152 743 1320 819 Parnassi
1337 771 1422 818 vero
1440 748 1609 821 inaccessi
1628 751 1776 825 uertices
1840 781 1845 786 ·

1150 843 1319 920 illustrati
1336 850 1430 919 diem

110 951 243 1047 Delphi
275 954 393 1046 ipsum
424 955 584 1024 lecerunt
615 946 796 1028 custodem
830 958 908 1026 auri
936 946 1046 1047 ipsiul
1151 949 1360 1043 Accipiunt,
1380 948 1585 1026 hominibus
1604 956 1640 1026 in
1655 970 1733 1027 rota
1750 970 1901 1030 vectum.
1989 1004 2001 1016 .

470 1053 551 1140 Dei,

1146 1050 1339 1148 Fumusffl)
1361 1055 1482 1125 aridae
1499 1053 1667 1151 myrrhae

56 1154 108 1230 55
146 1157 194 1230 Et
215 1159 355 1228 fidelem
378 1170 601 1252 quaestorem
626 1163 807 1243 omnium;
847 1159 1044 1252 intemplo
1099 1153 1149 1223 90
1173 1151 1213 1224 ln
1229 1155 1366 1250 btsligia
1383 1151 1558 1229 *Phoebi
1574 1161 1682 1231 volat.
1710 1209 1714 1216 -

387 1303 390 1313 ·
467 1283 554 1330 vero

108 1362 179 1434 Dei
192 1361 282 1434 vivit
293 1358 475 1458 hueusque
492 1358 679 1434 honestam
696 1367 820 1438 vitam.

1148 1255 1278 1328 Mulier
1294 1283 1378 1330 vero
1394 1263 1493 1330 sedet
1510 1265 1708 1334 adsacrum
1726 1263 1917 1356 tripodem,

983 1390 987 1408 ·
1100 1437 1102 1442 ¹
1125 1387 1128 1394 ·
1147 1355 1320 1452 Delphica
1337 1384 1464 1434 canens
1481 1363 1626 1438 Graecis
1644 1367 1801 1452 oracula,

106 1465 239 1538 Creusa
256 1491 362 1550 vero,
399 1490 490 1562 quae
514 1482 704 1561 pepererat
726 1465 820 1540 hunc
842 1461 1042 1537 adolescent
1147 1461 1248 1552 Quae
1263 1460 1393 1554 Apollo
1410 1464 1463 1534 illi
1482 1466 1603 1538 dictat.

107 1666 228 1742 Xutho
243 1669 365 1754 nubit,
391 1580 565 1742 talitceailslri.
585 1690 588 1698 ·

107 1768 533 1846 EratAthenien'sibus‘el
551 1767 856 1854 Chalcodontidis,
954 1763 958 1773 ⁸

53 1877 105 1948 60
128 1875 201 1967 Qui
217 1875 402 1946 Euboeam
420 1887 552 1944 terram
571 1869 795 1958 inhabitant,
817 1873 962 1954 bellum,

1140 1562 1232 1650 'Sed,
1258 1590 1279 1635 o
1297 1560 1461 1658 Delphici
1475 1565 1614 1640 Phoebi
1632 1569 1799 1656 ministri,

892 1683 896 1691 ’
979 1707 983 1717 ·
1095 1660 1144 1734 95
1169 1665 1343 1738 Castaliae
1357 1667 1527 1763 limpidos

1145 1763 1196 1836 lte
1213 1771 1258 1838 ad
1278 1770 1445 1857 vertices,
1470 1795 1560 1864 pura
1578 1795 1664 1842 vero
1681 1796 1773 1870 aqua

1141 1868 1265 1941 Abluti
1282 1871 1330 1942 ite
1345 1871 1384 1942 in
1403 1875 1588 1966 templum,
1815 1871 1820 1880 ’

104 1975 145 2048 ln
159 2003 231 2072 quo
239 1972 474 2048 Athenienses
484 1965 659 2048 adiuvans
666 1989 702 2046 et
710 1974 899 2046 conficiens
908 1973 1038 2045 bellum
1144 1969 1328 2045 Custodite
1344 1999 1403 2060 os,
1423 2000 1469 2046 ne
1485 1979 1572 2070 quid
1590 1973 1715 2044 dicatis
1730 1972 1980 2064 irreligiosum,

463 2075 577 2162 hasta,

105 2181 319 2276 Nuptiarum
338 2179 492 2253 Creusae
507 2181 717 2278 dignitatem
735 2181 883 2272 accepit,
979 2196 984 2209 ’

105 2283 194 2356 Cum
226 2297 315 2356 esset
347 2283 565 2375 alienigena,
605 2308 647 2353 ex
670 2283 806 2366 Aeolo,
836 2276 930 2352 locis
951 2279 1038 2364 lilio,

465 2397 584 2469 natus,
622 2417 626 2424 ¹

103 2489 241 2560 Genese
263 2482 439 2558 Achaeus.
505 2485 579 2558 Diu
608 2478 699 2558 'vero'
722 2487 904 2556 seminans
931 2499 1036 2556 suum

397 2588 592 2660 ·lectuin
668 2605 779 2640 ···'
843 2605 865 2627 ’¹

49 2688 102 2764 65
127 2689 190 2762 Est
203 2689 278 2761 sine
295 2690 435 2774 liberis,
460 2703 495 2759 et
511 2692 587 2785 ipsa
605 2691 757 2762 Creusa:
781 2701 929 2783 propter
941 2679 1035 2782 (piae

102 2791 262 2864 Veniunt
276 2795 322 2862 ad
337 2789 405 2862 hoc
422 2795 594 2885 templum
609 2792 787 2886 Apollinis
869 2833 874 2846 ·

102 2894 304 2990 Cupiditate
320 2893 471 2975 sobolis;
497 2897 627 2988 Apollo
644 2921 729 2966 vero
749 2897 933 2968 fortunam

101 2999 178 3070 lluc
203 2995 365 3092 impulit,
388 3009 422 3066 et
437 3021 512 3094 non
527 3011 579 3068 est
602 2999 733 3086 oblitus
754 2997 837 3084 ldii,
858 3008 899 3068 ut
915 2993 1035 3067 eristi-

445 3113 586 3170 matur.

100 3201 210 3274 Dabit
225 3201 320 3272 enini
339 3196 552 3296 ingredienti
570 3202 742 3294 templum
758 3195 827 3274 hoc

46 3307 99 3378 70
123 3300 242 3378 Xutho
257 3329 361 3376 suum
377 3302 487 3396 ipsius
503 3304 633 3387 lilium,
655 3316 691 3374 et
705 3293 830 3372 iratum

98 3405 218 3501 lpsum
233 3433 275 3478 ex
298 3405 360 3476 illo
378 3429 451 3476 esse
474 3407 585 3492 dicet,
608 3418 648 3477 ut
671 3403 818 3494 veniens
840 3404 886 3472 ad
901 3411 1032 3470 mater·

455 3533 546 3578 'nam
564 3510 713 3580 domum

96 3613 362 3706 Agnoscature
388 3610 541 3694 Creusa,
570 3622 605 3679 et
628 3623 670 3706 ut
691 3608 838 3702 nuptiae
864 3605 902 3675 in
922 3604 1031 3698 Apol·

456 3712 566 3781 linem

97 3815 371 3900 occuluerint,
395 3828 431 3884 et
442 3815 534 3884 filius
552 3808 683 3881 habeat
698 3807 978 3886 haereditatem

95 3916 183 3990 lona
198 3944 283 3990 vero
299 3919 438 4012 ipsum,
456 3903 686 3986 conditorem
702 3911 879 3983 Asiaticae
901 3921 1029 3992 terrae,

44 4019 96 4096 75
120 4019 252 4092 Vocari
266 4022 450 4110 lacietper
467 4015 668 4089 Graeciam.
774 4028 793 4046 ¹·
819 4107 823 4114 ι
912 4094 918 4116 2

95 4125 165 4196 Sed
182 4123 242 4194 ibo
259 4125 297 4192 in
313 4124 474 4192 laureum
491 4139 677 4201 secessum,

85 4229 143 4300 ‘Ut
158 4227 202 4296 de
215 4247 329 4319 puero
345 4215 510 4294 eventum
527 4221 672 4292 distein.

95 4328 210 4399 Video
227 4327 322 4397 enim
339 4325 582 4416 egredientem·
595 4318 773 4413 Apollinis
787 4316 902 4386 lilium

93 4431 216 4517 Hunc,
237 4442 277 4500 ut
293 4439 397 4498 ornet
413 4441 537 4519 portas
552 4436 634 4494 ante
649 4419 822 4513 templum

40 4535 94 4608 80
133 4532 246 4606 Lauri
265 4531 394 4610 ramis;
420 4553 554 4598 nomen
580 4548 685 4607 vero,
713 4523 814 4617 quod
834 4519 1056 4610 adepturus:

454 4642 507 4701 est

91 4737 236 4822 lonem,
259 4759 324 4828 ego
341 4733 479 4828 primus
493 4680 644 4800 nbmino
660 4721 820 4796 Deorum
829 4719 890 4817 η).

72 5043 125 5102 aa)
143 5037 271 5094 (tocnrrlt
285 5062 319 5077 -
337 5037 468 5089 tleoron.
486 5035 543 5093 (vs.
561 5029 591 5079 at
604 5026 675 5076 -81
682 5026 721 5083 .)]
739 5021 780 5072 sto
796 5020 846 5072 sd.
867 5019 958 5082 ibus
975 5018 1025 5071 ild.

143 5179 229 5230 Forte
246 5174 389 5227 exoriente
406 5171 468 5221 sole
485 5169 553 5219 orbe
570 5175 632 5224 suo,
877 5192 879 5200 .

143 5247 232 5297 vates
250 5241 455 5308 ingrediebatur
477 5236 606 5298 tenplen
620 5229 683 5282 nea
748 5264 751 5274 .
791 5247 794 5258 ·
845 5264 878 5276 ..

143 5315 242 5365 Visun
258 5321 327 5362 vero
344 5308 495 5358 admovens
512 5313 597 5368 puero
613 5297 724 5356 lntsntl,
817 5313 851 5362 ..-

143 5381 320 5442 nubatur,
334 5376 360 5429 sl
379 5385 449 5439 quae
467 5369 600 5434 ileipbles
616 5373 687 5420 ans³s
703 5365 804 5416 mdes
826 5387 829 5394 ,
861 5380 880 5410 .·

36 5473 224 5538 limam
245 5463 352 5529 ona
375 5456 461 5532 Vsu.
484 5455 610 5518 livill.

977 2094 984 2121 ²
1093 2070 1166 2142 100
1192 2073 1239 2144 Et
1254 2077 1456 2148 volentibus
1469 2079 1564 2148 bona
1581 2071 1602 2112 *
1620 2077 1763 2148 oracula
1779 2075 1897 2160 dicite,
2020 2089 2035 2116 ⁰·

1141 2175 1293 2268 Propria
1308 2179 1429 2270 lingua
1446 2181 1641 2252 narrando.

1139 2276 1214 2349 Nos
1230 2293 1351 2352 autem
1364 2283 1523 2368 labores,
1545 2307 1636 2380 quos
1654 2304 1672 2349 a
1691 2279 1810 2371 pueris
1839 2283 1842 2290 '

1140 2377 1363 2457 Laboramus
1377 2409 1508 2480 usque,
1539 2383 1649 2456 ramis
1664 2381 1769 2464 lauri,

1089 2563 1320 2582 ——su—-n

1192 2679 1399 2733 clandestinum
1417 2682 1526 2744 parturn
1544 2681 1573 2732 ln
1590 2679 1642 2731 Del
1660 2679 1796 2743 prolicere
1807 2681 1933 2741 ‘dorsum

1191 2753 1273 2802 Ultra
1289 2762 1357 2802 vero
1378 2749 1461 2802 lieren
1479 2761 1630 2802 secernere
1648 2749 1745 2811 cupida
1765 2752 1836 2802 erat.

1191 2819 1373 2870 biiseratione
1390 2821 1481 2869 autent
1498 2817 1591 2868 osnlslt
1609 2817 1816 2874 crudelitatem,
1834 2820 1863 2866 et
1880 2817 1955 2868 Deus

1189 2887 1306 2940 adiutor
1324 2889 1386 2938 erat
1404 2897 1506 2952 puero,
1525 2899 1560 2938 ne
1578 2886 1726 2936 eliceretur
1743 2899 1759 2934 e
1777 2886 1865 2936 domo.

1189 2957 1248 3005 Alit
1264 2967 1333 3006 vero
1350 2956 1440 3017 ipsum
1458 2955 1612 3017 accipiense
1632 2953 1812 3004 seminantem
1829 2963 1896 3002 vero

1189 3025 1313 3074 Neeclrlt
1329 3024 1481 3088 Phoebum,
1499 3035 1588 3085 neque
1604 3024 1735 3086 matrem,
1753 3022 1830 3072 culus
1848 3024 1935 3082 esset,

1188 3093 1224 3142 stt
1241 3093 1302 3154 ipse
1319 3104 1388 3153 puer
1406 3093 1535 3151 parentes
1552 3091 1648 3143 nescit.

1187 3161 1301 3210 iuvenis
1313 3160 1405 3222 ltaque
1417 3159 1557 3222 existens,
1568 3159 1643 3208 circs
1656 3166 1704 3220 ea,
1716 3168 1786 3221 quae
1800 3156 1833 3205 de
1847 3164 1899 3206 ara
1911 3157 2066 3222 veniebant,

1493 3227 1624 3277 elimenta
1855 3223 1858 3230 '

1188 3297 1339 3346 Ferebatur
1356 3293 1494 3358 inaltasse
1513 3296 1543 3343 ut
1561 3305 1628 3344 vero
1646 3292 1770 3344 exorent
1785 3303 1912 3357 corpore,
1944 3307 1951 3318 ·

1186 3364 1283 3426 Delphi
1303 3363 1393 3426 ipsura
1410 3365 1577 3412 creaverunt
1594 3363 1733 3412 custodem
1750 3361 1812 3410 anri
1830 3361 1916 3422 ipsius
1936 3363 1996 3426 tlel,

1188 3434 1225 3487 st
1240 3435 1416 3496 quaestorem
1431 3431 1539 3483 lldeietn
1555 3429 1683 3492 onalup.
1713 3431 1749 3480 -in
1767 3429 1877 3497 templis
1893 3442 1962 3482 reso

1187 3501 1238 3550 Dei
1257 3501 1326 3551 vivit
1342 3499 1385 3550 bic
1402 3512 1516 3560 semper.
1529 3501 1655 3558 sanctam
1672 3497 1766 3560 vitam.

1186 3570 1293 3621 creusa
1310 3580 1394 3633 vero,
1411 3579 1482 3632 quse
1499 3569 1645 3631 pepererat
1664 3568 1733 3618 bunc
1750 3565 1961 3632 adolescentem,

1186 3638 1280 3688 Xutho
1297 3637 1390 3700 nubit,
1407 3647 1425 3686 a
1442 3637 1492 3685 tell
1509 3647 1586 3688 casin

1186 3707 1249 3756 licit
1264 3705 1377 3756 Athenis
1393 3707 1421 3754 et
1439 3703 1675 3762 Chalcidensibus,
1830 3755 1832 3764 ‚

1188 3771 1240 3836 (tul
1257 3777 1359 3822 terram
1375 3770 1530 3821 inhabitant
1547 3773 1700 3831 Eriboeam,
1720 3767 1829 3818 bostllls
1848 3767 1947 3820 notus.

1187 3843 1265 3904 Quod
1282 3852 1338 3890 una
1354 3840 1514 3901 perferens,
1534 3843 1562 3888 et
1578 3850 1755 3899 compescens
1772 3839 1863 3898 treats,

1184 3909 1343 3971 Nuptiarum
1362 3908 1485 3958 creusae
1500 3906 1659 3970 dignitatem
1676 3905 1791 3970 accepit,
1899 3951 1902 3962 ,

1184 3981 1246 4029 iton
1263 3975 1376 4040 gentilis
1393 3974 1531 4038 existens,
1547 3973 1627 4023 Aeoli
1644 3973 1694 4023 liiii
1710 3971 1797 4036 ioris,
1916 4007 1918 4016 ,

1185 4047 1239 4098 sed
1256 4043 1378 4096 existens
1395 4043 1527 4104 abacus
1560 4041 1711 4103 Diuturpos
1730 4051 1797 4090 vero
1815 4040 1954 4106 seminans
1971 4043 2059 4096 lectos

1183 4113 1294 4168 biberis
1309 4114 1388 4164 caret
1404 4114 1433 4162 et
1448 4110 1515 4174 lpps,
1529 4111 1782 4174 circumpectum
1799 4109 1889 4172 gratis

1182 4182 1306 4233 Veniunt
1325 4181 1361 4230 sd
1378 4179 1508 4230 vuicinis
1524 4179 1660 4246 Apollinis
1675 4180 1756 4238 llaec,

1071 4235 1078 4251 ’
1183 4254 1284 4302 amore
1300 4259 1455 4312 puerornss.
1487 4247 1588 4310 spello
1606 4258 1673 4296 vero
1690 4248 1760 4296 bunc
1778 4255 1870 4308 casum
1903 4288 1906 4298 .

1183 4321 1226 4370 nd
1243 4321 1295 4370 boc
1312 4317 1452 4381 producit,
1469 4329 1557 4378 neque
1574 4317 1735 4378 ignoratur,
1753 4315 1784 4364 ut
1800 4303 1948 4367 exlsdnist.

1183 4387 1266 4438 Dabit
1280 4385 1352 4436 eulss
1370 4383 1535 4448 ingredienti
1556 4384 1685 4446 tempium
1701 4381 1753 4434 loe

1182 4455 1276 4506 xutso
1293 4465 1372 4504 suun
1388 4451 1477 4514 ipsius
1494 4451 1594 4516 titum,
1612 4454 1640 4503 et
1655 4452 1747 4504 ustura
1863 4448 1866 4454 '

1181 4523 1260 4574 illius
1287 4522 1375 4586 ipsuis
1396 4521 1535 4584 dicturus,
1558 4518 1657 4584 reatris
1681 4521 1712 4570 ut
1734 4519 1873 4582 proiectus
1896 4521 1932 4571 ad
1949 4521 2056 4570 dossum

1182 4594 1355 4655 agnoscatur
1371 4602 1390 4642 a
1406 4589 1529 4652 creusa,
1545 4591 1628 4652 atque
1645 4589 1728 4638 etlam
1745 4590 1776 4637 ut
1792 4587 1903 4655 nuptiae
1918 4587 2055 4650 Apolllnls

1183 4661 1313 4712 occultae
1328 4657 1400 4720 sint,
1418 4661 1446 4708 et
1462 4657 1536 4708 titius
1556 4657 1654 4706 babeat
1671 4655 1876 4705 haereditatem.
1909 4717 1910 4722 η

1181 4727 1249 4779 ioue
1264 4737 1332 4778 vero
1349 4727 1455 4790 ipsun,
1470 4725 1638 4775 conditorem
1657 4721 1795 4772 ssutleae
1814 4723 1917 4782 terrae,
2128 4751 2135 4764 ,

1182 4797 1296 4847 iiosnine
1311 4794 1447 4844 nominari
1463 4792 1547 4854 iactet
1563 4804 1612 4853 per
1630 4787 1790 4849 arrectam,
1835 4783 1839 4794 '
2016 4789 2019 4795 ‘

1181 4865 1236 4916 sed
1254 4865 1281 4913 tn
1299 4865 1351 4913 bos
1366 4861 1481 4912 laureoe
1493 4870 1625 4910 secessm
1637 4856 1793 4922 ingrediar,
1816 4897 1819 4905 ,

1180 4934 1294 4984 ii'actnsn
1311 4933 1342 4980 ut
1356 4939 1504 4994 mascam
1521 4937 1539 4978 a
1557 4937 1651 4986 puero.
1820 4975 1822 4983 ,

1179 5001 1267 5050 Video
1284 4998 1356 5050 enin
1373 4995 1556 5060 egredientem
1574 4995 1661 5056 ipsum
1679 4989 1814 5056 Apollinis
1831 4991 1912 5044 ilium

1179 5069 1272 5126 nuno,
1294 5067 1325 5116 ut
1340 5067 1405 5116 suto
1421 5065 1549 5126 tenplum
1565 5061 1708 5124 splendida
1724 5059 1807 5110 iaciat
1825 5061 1958 5111 vestibula

1179 5134 1374 5188 moritania
1408 5131 1512 5183 tiones
1530 5143 1614 5194 sero,
1632 5130 1703 5191 quod
1720 5129 1868 5200 adepturus
1885 5133 1940 5193 eat,

1178 5205 1270 5255 ioness
1290 5213 1342 5268 ego
1354 5201 1463 5266 prinus
1475 5197 1589 5252 ‹nonluo
1605 5199 1738 5268 Deorum,
1813 5243 1815 5250 .

1108 5283 1351 5424 ωοιὲτιιιιιέἒιπ
1367 5287 1420 5340 Μ.
1438 5285 1559 5338 Μαι
1576 5285 1713 5346 recantat,
1725 5283 1779 5338 itta
1797 5285 1871 5338 litat.
1889 5283 1985 5338 suessio
2003 5287 2052 5346 ty-

1144 5371 1160 5421 r
1214 5370 1237 5407 ·=
1350 5391 1357 5406 ·
1634 5393 1646 5406 .,
1755 5365 1758 5375 ’
1828 5385 1831 5390 -

1447 5422 1497 5494 68
