4600 5804
51 233 114 310 eu
441 189 610 298 'uxu1..
651 177 1648 306 munerenmuonaccumnuunnnmrs.
1988 243 2066 320 ω.
2187 265 2189 276 .

95 400 242 471 Tonitrn
254 383 792 496 loric-reliqnitilrumiam'fl
828 409 830 420 '
1074 377 1162 474 050ι
1191 377 1290 474 iecit
1313 414 1494 494 spectrum
1520 403 1560 472 in
1582 405 1684 492 atrle,
1706 409 1773 478 'ad
1793 410 1894 504 qnod
1915 413 2065 487 cmm

54 507 118 578 000
137 498 292 576 Evertite
308 503 352 569 ad
367 501 484 572 solnm
498 502 689 572 tremulam
706 504 868 588 domum,
1490 503 1673 580 Pentheus
1727 547 1730 556 ι
1820 566 1825 580 .

94 603 265 687 Evertite,
288 627 310 671 o
326 601 540 684 Mercedem
1123 605 1575 700 deltehet,·et⁴pnpuahat,
1593 624 1860 708 spectrumpro
1877 641 1936 688 me
1954 617 2064 690 inter-
2110 671 2112 676 -

92 709 163 778 ilex
177 707 272 778 mim
288 705 444 788 accedit,
466 729 606 776 sursum
623 708 790 777 deorsum
807 731 945 800 ponens
1432 717 1435 722 “
1489 713 1658 784 fecturus.
1806 743 1812 760 1
2066 755 2070 760 -

94 811 190 880 Hanc
203 810 370 890 domum,
391 804 571 892 Bacchus,
592 805 685 880 lovis
699 808 804 880 filius.
931 847 935 850 ·
1122 810 1272 882 Caetera
1287 808 1449 886 Bacchus
1461 812 1581 905 iprum
1598 814 1719 902 laedit,

924 913 944 999 j
1124 913 1356 1010 Domumque
1372 917 1551 986 acl-sotum
1566 915 1688 1003 dimit,
1704 933 1739 990 et
1752 932 1827 989 tota
1844 925 1996 994 contrita
2011 940 2064 998 est

50 978 271 1082 [Rammt
308 980 490 1064 “mm'’
522 981 758 1074 '’mm'’
789 973 1020 1078 Nummi
1122 1015 1271 1088 Videnti
1285 1041 1365 1091 mea
1381 1019 1524 1089 vincula
1539 1019 1608 1110 ipsi
1623 1024 1768 1104 acerba3
1789 1028 2063 1120 praedeuttga-

92 1123 168 1192 Bae.
194 1113 378 1186 Barbarae
402 1112 590 1198 mulieres,
613 1116 749 1186 adeone
771 1124 1020 1186 consternatae
1480 1121 1587 1192 ¹tione

447 1229 558 1300 meto,
780 1256 782 1264 v
1075 1217 1150 1293 655
1163 1220 1346 1294 Amittens
1359 1222 1519 1314 gladium
1534 1225 1751 1316 languescit3
1767 1231 2062 1306 adversuelleum

49 1319 114 1396 005
127 1322 181 1394 Ad
196 1319 313 1392 solnm
328 1317 528 1390 cecidistis?
544 1318 686 1409 gavisae
703 1319 798 1406 estis,
812 1318 1021 1404 otvidetur,
1488 1325 1584 1396 euim
1729 1388 1733 1397 .
1885 1395 1888 1402 ,

298 1484 301 1490 .
440 1416 585 1492 Baccho
1125 1422 1166 1494 ln
1192 1449 1351 1518 pugnam
1378 1427 1501 1498 venire
1535 1453 1641 1500 aucus
1667 1445 1756 1502 erat.
1823 1430 1901 1524 Ego
1924 1437 2063 1529 placide

91 1525 318 1598 Conmtientn
333 1525 481 1595 domum
498 1517 670 1604 Penthei;
694 1525 755 1595 sed
774 1524 887 1594 tollite
1484 1527 1646 1602 Bacchas
1661 1535 1831 1606 dume

91 1631 236 1722 Corpus,
251 1628 689 1712 etconfiemetemerubrs,
705 1627 838 1698 omisso
852 1641 1022 1696 tremore.
1123 1627 1265 1716 Domo,
1286 1631 1394 1701 venio
1410 1633 1455 1702 ad
1471 1656 1557 1719 vos,
1579 1630 1781 1708 Pentheum
1798 1661 1875 1712 non
1889 1655 2055 1714 cerussa

91 1735 181 1807 iiior.
231 1730 267 1803 0
306 1733 430 1802 lumen
471 1728 577 1802 uobis
617 1731 815 1802 maximum
853 1724 1022 1800 Bacchici
1124 1731 1192 1818 Ει,
1215 1746 1256 1804 ιιι
1272 1729 1365 1804 mihi
1376 1735 1538 1819 videtur,
1564 1737 1695 1827 strepit
1710 1739 1807 1810 solea
1822 1739 1861 1810 in
1876 1745 2006 1818 domo:

442 1833 588 1916 furoris,
1126 1835 1208 1906 Cito
1234 1836 1273 1906 in
1294 1837 1511 1908 vestibulum
1526 1837 1658 1909 veniet.
1709 1839 1893 1933 Quidnam
1915 1854 2065 1937 propter

89 1937 136 2008 Ut
155 1933 270 2010 libens
291 1949 327 2007 tc
351 1935 445 2022 vidi,
476 1959 557 2006 cum
579 1935 680 2028 prius
705 1929 876 2006 hebetem
897 1933 1022 2007 solitu·
1486 1938 1556 2012 ista
1570 1939 1689 2012 dicct?
1923 1957 1925 1965 ⁸

148 2091 150 2098 .
451 2037 584 2108 dinem.
1075 2037 1152 2111 040
1182 2038 1371 2112 Sustineho
1395 2065 1479 2114 eom
1500 2041 1597 2112 facili
1618 2042 1741 2114 animo
1796 2046 2064 2120 etiamstvelde

50 2141 113 2212 510
141 2144 224 2216 Boe.
257 2141 447 2213 Veneratis
469 2141 517 2210 in.
531 2139 839 2233 desperationem,
876 2139 1022 2235 quando
1486 2143 1600 2216 iratus
1616 2097 1767 2217 veneni.
1852 2214 1856 2220 ,
1896 2192 1901 2203 .
1943 2165 1946 2176 ·
2002 2163 2007 2169 ·
2103 2225 2106 2235 .

269 2313 274 2320 .
443 2244 614 2314 mittebar
1127 2296 1149 2328 ,‚
1158 2242 1336 2336 Sapientis
1359 2245 1455 2319 euim
1475 2247 1545 2316 viri
1568 2260 1639 2330 est,
1661 2271 1823 2321 exercere
1839 2256 2063 2330 moderatam

89 2347 274 2443 Tanquam
292 2372 438 2419 casurus
449 2347 490 2416 in
506 2360 626 2418 atrnm
644 2369 822 2416 carcerem
837 2340 1001 2416 Penthei.
1128 2417 1138 2430 Ἰ
1485 2348 1721 2420 iracundiam.
1927 2340 1934 2350 ’

92 2452 407 2546 Glor..Quomodo
432 2448 555 2521 enim?
577 2473 686 2520 nemo
709 2445 801 2518 mihi
823 2451 896 2520 dur
921 2459 1023 2530 essct,
1126 2451 1211 2518 Pes.
1234 2445 1535 2541 Atrociepatior3
1560 2451 1684 2542 effugit
1697 2447 1840 2544 hospes,
1945 2471 1950 2484 ·

442 2552 474 2624 si
487 2552 553 2622 tibi
568 2551 705 2647 aliquid
720 2552 807 2626 mali
822 2551 1009 2622 accideret.
1127 2550 1326 2642 Qnimodo
1339 2551 1492 2626 vinculis
1507 2556 1822 2627 erotconstrictne.
1896 2613 1899 2625 .
1998 2600 2002 2609 =

91 2653 153 2724 Sed
178 2657 366 2752 quomodo
386 2656 561 2726 liberatus
584 2679 640 2739 es,
666 2655 705 2724 in
729 2656 846 2726 virum
871 2652 1022 2747 impium
1125 2653 1191 2724 Eia
1215 2648 1275 2724 hic
1297 2667 1351 2725 ert
1371 2657 1439 2727 vir.
1491 2655 1590 2749 Quid
1614 2651 1684 2726 hoc
1699 2657 1752 2728 rei
1775 2657 1856 2730 cet?
1880 2659 2065 2752 quomodo

448 2755 638 2829 incidenti
944 2771 950 2787 ”
1488 2772 1572 2829 ante
1590 2760 1806 2832 vestibulum
1954 2774 1958 2782 ’

89 2861 165 2930 Boc.
183 2859 265 2953 lpse
280 2885 338 2930 me
353 2861 468 2954 ipsum
486 2859 637 2931 liberavi
652 2860 754 2930 facile
769 2862 846 2931 sine
861 2860 997 2932 labore.
1076 2855 1153 2932 645
1174 2857 1403 2952 Conspiceris
1417 2881 1576 2951 egressus
1588 2887 1706 2932 meam
1723 2860 1898 2936 domum?

51 2955 112 3030 015
132 2963 228 3035 iiior.
256 2963 340 3036 Non
356 2963 482 3055 ligavit
497 2976 595 3034 tuam
612 2987 760 3034 manum
779 2964 818 3032 in
834 2961 1012 3034 vinculis?
1126 2967 1210 3033 Bae.
1234 2961 1325 3033 Siste
1341 2963 1482 3054 pedem,
1496 2976 1534 3034 et
1548 2962 1708 3057 quietum
1724 2967 1853 3057 pedem
1867 2966 1945 3036 irae
1959 2984 2067 3054 pone.

89 3067 172 3140 Bae·
204 3062 325 3139 iuliis
347 3067 454 3136 etiam
478 3065 567 3136 elusi
591 3089 694 3151 eum,
718 3067 804 3160 quia
827 3067 940 3159 ligore
965 3093 1023 3136 me
1126 3069 1211 3136 Pes.
1237 3063 1344 3134 Unde
1362 3077 1403 3134 ιιι
1419 3065 1570 3138 excussis
1586 3067 1914 3158 vinculiscgrcssns
1928 3065 1990 3138 os?

416 3217 419 3223 ι
445 3180 589 3260 putans,
1126 3173 1211 3241 Boc.
1232 3166 1364 3239 Nonne
1390 3165 1490 3238 dixi?
1512 3190 1643 3239 nonne.
1660 3169 1846 3253 audivisti,
1862 3171 1961 3264 quod
1978 3179 2069 3240 esset

90 3265 206 3364 Neque
228 3268 369 3363 attigit,
393 3295 509 3366 neque
529 3269 654 3344 nexuit
668 3295 754 3356 nos,
776 3273 837 3344 sed
855 3271 1023 3363 pasceba-
1488 3271 1670 3344 soluturus
1683 3295 1742 3344 mc
1758 3271 1933 3366 aliqniei,
2091 3335 2095 3349 .

418 3417 420 3424 ·
448 3386 507 3444 tur
520 3375 623 3444 inani
637 3398 711 3466 spe.
1126 3377 1211 3448 Pes.
1236 3368 1363 3466 Quis?
1400 3397 1541 3465 semper
1570 3374 1681 3447 enim·
1698 3375 1961 3451 adferentem
1993 3395 2067 3450 eer-

89 3469 272 3547 lnveniens
299 3487 442 3547 taurum
470 3479 515 3546 ad
542 3479 754 3570 praesepia,
795 3477 859 3546 ubi
883 3476 1022 3548 conclu·
1281 3531 1285 3542 .
1332 3505 1337 3512 ·
1474 3485 1615 3550 stiones.r
1663 3487 1681 3522 ἵ·
1736 3517 1739 3524 ·
1774 3515 1813 3536 v·
1880 3503 1886 3522 ³
1924 3518 1940 3533 ··
1987 3506 2005 3534 ·-
2038 3493 2055 3560 'j

446 3580 493 3652 sit
506 3605 586 3664 nos,
746 3649 751 3658 ,
1075 3575 1152 3650 050
1166 3579 1252 3651 Boc.
1273 3574 1347 3669 Qui
1363 3575 1476 3668 gipsit
1489 3571 1829 3656 foecundentriterd
1845 3571 2067 3654 hominibus.

89 3673 175 3749 lluie
189 3680 314 3754 iniecit
327 3685 476 3779 laqueos
491 3685 539 3752 od
554 3705 668 3774 genua
690 3694 726 3752 et
741 3683 862 3776 pedes,
1125 3684 1210 3752 Pcn.
1237 3679 1296 3749 An
1314 3677 1441 3751 tribuis
1456 3676 1526 3753 hoc
1541 3695 1683 3756 tentum
1700 3682 1837 3752 honum
1852 3679 2023 3752 Baccho?
2107 3683 2109 3690 '

50 3771 113 3850 620
138 3779 368 3859 iracundiam
393 3785 552 3881 epicam,
573 3798 619 3855 et
641 3787 810 3858 nidorem
834 3809 854 3854 n
871 3807 1023 3877 corpore
1126 3787 1214 3856 Dec.
1233 3783 1410 3854 Claudere
1424 3783 1673 3859 inheoomnes
1691 3795 1807 3859 turres
1823 3783 2068 3862 circumcirca.

446 3883 597 3974 ctillons,
1127 3891 1211 3958 Pen.
1233 3885 1290 3955 An
1306 3909 1383 3954 non
1397 3887 1658 3964 transcendunt
1671 3911 1794 3956 muros
1809 3885 1896 3954 Dii?

89 3983 210 4064 Labris
226 3995 318 4065 dans
333 3994 475 4073 dentcs3
501 4017 566 4084 ego
581 4015 694 4086 prope
833 4085 836 4090 1
1125 3992 1210 4060 Bae.
1240 3987 1397 4079 Sepias.
1412 3989 1499 4061 setis
1522 4013 1579 4072 es,
1606 3997 1860 4084 proeteequcm
1883 3987 1922 4064 iu
1938 3987 2008 4072 iis,
2028 3987 2068 4056 in

90 4091 236 4183 Quietus
254 4099 380 4168 sedens
397 4097 555 4188 adspexi.
603 4093 743 4166 interea
758 4091 932 4184 temporis
1204 4117 1234 4152 ι’·
1487 4091 1618 4187 quibus
1636 4094 1982 4190 opn'rtebatreprre.
2087 4129 2088 4134 ¹

91 4192 276 4272 Concussit
289 4195 606 4274 veniensBacchus
619 4202 781 4281 domum,
796 4209 831 4266 et
846 4195 887 4266 in
899 4193 1024 4265 metris
1077 4191 1153 4304 555
1191 4198 1277 4266 Per.
1315 4190 1358 4262 ln
1392 4194 1521 4290 quibus
1548 4194 1711 4269 menime
1747 4219 1837 4287 opus
1875 4206 1950 4279 est,
1988 4215 2067 4264 snm

460 4329 497 4376 se
524 4304 625 4376 ulcro
1283 4351 1286 4362 .
1490 4297 1651 4389 sopiens
1676 4328 1751 4392 χ.
1812 4365 1816 4372 ,
1864 4350 1880 4369 ..
1950 4309 2056 4373 ἑὶι-ἐ

90 4393 207 4490 ignem
232 4406 432 4488 succendits
454 4328 523 4479 hii
535 4431 642 4491 vero,
671 4417 715 4478 ut
737 4401 847 4486 vidit,
875 4403 1022 4472 domum
1125 4403 1209 4474 Boc.
1255 4397 1361 4473 letius
1390 4425 1476 4472 vero
1507 4421 1701 4474 sermones:
1724 4398 2069 4492 conmissorum

452 4513 577 4582 erdere
623 4519 741 4593 utam,
1486 4504 1596 4590 diter,
1645 4565 1649 4578 .
1861 4564 1864 4574 .

49 4595 114 4674 626
136 4607 276 4685 Saltem
293 4607 367 4682 huc
380 4622 418 4681 ot
428 4610 536 4697 illuc,
554 4536 700 4684 saxicolis
716 4636 846 4708 aquam
861 4612 956 4681 serre
1128 4607 1203 4702 Qui
1218 4619 1400 4685 emente
1416 4610 1516 4682 odeat
1532 4607 1672 4704 aliquid
1684 4608 1918 4684 nuncianum
1931 4602 2016 4682 tibi}

91 4704 205 4794 iubete
222 4739 350 4787 omres
365 4727 469 4785 erant
483 4716 650 4807 occupati
660 4717 792 4786 fenora
806 4715 1023 4785 laborantes.
1127 4713 1202 4786 Nos
1218 4732 1305 4786 vero
1322 4708 1381 4792 hic
1389 4712 1642 4794 machinos,
1665 4733 1737 4793 nee
1748 4709 1938 4800 fidemus·

91 4810 267 4890 Ornittens
295 4843 382 4890 vero
414 4813 511 4890 hunc
537 4819 722 4903 lahorem,
762 4830 935 4913 tanquam
967 4841 1024 4888 mc
1127 4820 1222 4889 Neu.
1265 4812 1446 4900 Pentlren,
1482 4815 1683 4910 imperator
1722 4807 1840 4888 heinr
1871 4803 2067 4908 Thpbtw

446 4921 498 4992 ela
527 4947 567 4994 so
1041 4924 1043 4933 '
1481 4927 1619 5000 terrae,¹

91 5015 216 5094 Fertur
233 5024 391 5117 gladium
405 4947 526 5096 eunici
541 5021 684 5117 rapiens
699 5021 794 5118 intra
811 5024 972 5096 domum.
1077 5021 1152 5095 560
1165 5019 1283 5091 Venio
1298 5020 1505 5115 relinquens
1522 5015 1790 5100 Cithaeronem,
1801 5015 1864 5087 nbi
1878 5037 2066 5110 nunqnero

91 5118 227 5201 Deinde
240 5127 409 5200 Bromius
426 5127 543 5222 (dico,
558 5141 600 5198 ιιι
613 5121 704 5196 mihi
716 5125 832 5199 virum
851 5123 921 5220 est)
1126 5122 1345 5220 Liqnescunt
1358 5122 1451 5204 sacri
1466 5122 1600 5198 cumuli
1615 5121 1790 5197 candidae
1806 5118 1910 5194 nivis.
1989 5184 1993 5195 ,
2016 5182 2020 5188 .

50 5219 243 5284 “-·--’
1126 5230 1212 5300 Pes.
1239 5226 1336 5320 Quid
1354 5250 1440 5298 vero
1457 5226 1664 5298 nuntiatum
1685 5222 1839 5296 venisti?

78 5315 123 5381 ⁸⁸)
141 5327 228 5387 ΟΜ
247 5328 311 5378 ⁰¹¹³·
327 5351 364 5366 ·
380 5320 550 5393 mm]
566 5325 607 5378 ‘¹⁰
624 5323 709 5376 ΕΜ·
725 5323 813 5388 *mo
833 5325 926 5388 ’ὅθ’-3
944 5324 1022 5377 *⁸¹¹⁶
1124 5333 1220 5404 Nun.
1237 5327 1327 5422 Ego,
1343 5331 1406 5427 qui
1422 5329 1590 5422 conspexi
1606 5324 1766 5400 Bacchas
1784 5329 1954 5406 lucentes,
1973 5329 2068 5416 qnae

107 5405 184 5452 quon
208 5397 266 5450 nee
289 5397 427 5460 morer·
450 5396 567 5448 totuin·
587 5405 720 5460 peronen
749 5393 862 5467 reliquit
888 5395 1021 5448 lunen

104 5460 135 5510 ee
147 5463 223 5513 uun
247 5460 379 5532 tutaret
1486 5455 1528 5507 ex
1539 5429 1610 5508 hac
1625 5445 1721 5507 uera
