4570 5802
33 257 95 336 sss
318 225 443 326 erut
477 247 878 327 utruarnerauo
902 250 1142 326 eumenus
1168 211 1447 327 onerans
1474 251 1523 326 ut
1550 251 1742 368 aulana.
1800 242 1834 378 ἰ
1972 269 2048 384 aar

70 429 190 510 Pluto,
215 425 366 518 opinor,
392 445 471 496 eam
488 423 589 494 brevi
605 425 740 521 ducet.)
848 441 850 452 '
1103 419 1151 494 Et
1165 447 1222 494 me
1238 422 1404 517 inprimis
1420 425 1603 498 miseratio
1617 429 1768 503 infelicis
1785 433 1924 525 puellae

70 532 115 604 Ut
132 528 273 601 miseret
292 517 349 598 me
374 519 466 596 tius!
518 525 577 596 sic
593 527 710 612 euim,
735 519 844 620 puto,
867 527 1002 626 suppli·
1103 523 1239 608 Subiit,
1267 527 1481 617 cogitantem
1498 533 1768 620 cognationem,

416 627 511 698 rabit
528 625 638 702 mihi:
1104 627 1206 720 Quae
1225 642 1375 720 propter
1390 653 1486 702 meas
1500 633 1644 725 nuptias
1661 640 1850 709 mactanda

67 733 97 804 0
110 746 228 826 pater,
254 730 392 802 occides
406 729 490 800 me?
521 731 609 804 tales
624 729 770 822 nuptias
1099 728 1181 814 Est,
1208 731 1294 823 quid
1314 742 1394 801 tuae
1408 733 1501 801 filiae
1518 758 1600 804 eum
1615 736 1778 809 Helena?

65 834 136 928 Ipse
152 830 301 918 habeas,
325 845 361 904 et
376 831 538 928 quisquis
553 833 620 904 tibi
635 830 765 908 charus
782 845 846 904 est.
1052 823 1127 902 495
1153 831 1223 902 Eat
1238 823 1411 905 exercitus
1428 835 1594 906 dimissus
1610 863 1652 910 er
1665 839 1804 914 Aulide.

28 935 89 1014 465
112 937 253 1008 Orestes
266 949 387 1009 autem
400 957 514 1027 prope
530 935 702 1032 stansffl),
729 932 898 1006 clamabit
1101 933 1161 1004 Tu
1177 957 1264 1004 vero
1281 935 1409 1007 desiste
1425 939 1546 1008 oculos
1561 951 1642 1010 tuos
1657 939 1807 1034 irrigare
1822 949 2031 1048 lachrymis,¹

66 1041 142 1114 Non
161 1039 337 1111 intellecta
364 1037 654 1128 intelligibilium
689 1033 807 1108 adhuc
828 1035 922 1106 enim
946 1045 999 1104 est
1101 1035 1248 1122 Frater,
1275 1051 1311 1108 et
1328 1063 1385 1108 me
1400 1063 1598 1131 provocare
1617 1045 1662 1113 ad
1678 1043 1891 1140 lachrymas.
1926 1087 1935 1106 ν

418 1139 548 1212 infans.
1101 1136 1210 1231 Quod
1227 1140 1257 1210 si
1275 1163 1366 1235 quae
1383 1143 1527 1213 oracula
1546 1139 1654 1216 babes
1670 1147 1714 1216 de
1730 1161 1789 1220 tua
1806 1155 1900 1241 filia,

65 1243 136 1313 lleu
151 1238 248 1327 heu,
266 1241 424 1334 perdidit
437 1265 495 1312 me
512 1239 658 1333 nuptias
673 1265 753 1312 cum
771 1237 907 1310 Helena
1101 1237 1202 1312 Nihil
1233 1245 1278 1313 ad
1313 1268 1369 1313 me
1403 1246 1608 1336 pertinent;
1661 1249 1725 1318 tihi
1767 1256 1890 1328 tribuo·
1928 1283 2046 1336 meam

66 1344 378 1430 CelebrausParir‚
403 1345 496 1416 filius
511 1343 668 1429 Priami,
695 1365 787 1440 quae
804 1338 894 1412 mihi
909 1343 998 1412 lece·
1349 1397 1352 1400 -
1463 1362 1614 1439 partem.

413 1460 500 1518 runt
520 1442 618 1518 haec.
1049 1438 1127 1515 500
1152 1441 1222 1514 Sed
1237 1445 1320 1514 veni
1336 1447 1374 1515 in
1391 1451 1628 1522 mutationem
1646 1477 1663 1520 a
1681 1460 1816 1530 crudeli
1831 1465 2020 1552 sententia,

67 1553 154 1623 Glor.
178 1547 225 1620 Et
246 1571 312 1641 ego
325 1549 578 1638 ¹misericordia
595 1571 846 1631 commoveor,
873 1569 998 1640 quem-
1099 1546 1267 1640 Aequum
1283 1543 1373 1618 mihi
1390 1551 1536 1635 accidit,
1562 1555 1709 1624 tratrem

226 1653 423 1724 admodum
439 1654 540 1722 decet
554 1650 740 1722 mulierem
757 1649 997 1742 peregrinam,
1101 1651 1237 1719 Amans
1254 1662 1411 1722 mutatus
1427 1677 1518 1724 sum.
1571 1655 1696 1739 „Boni
1715 1663 1784 1732 viri
1799 1689 1877 1736 mos
1894 1682 1947 1739 est

29 1753 85 1824 470
108 1755 259 1846 Propter
275 1755 514 1826 calamitatem
533 1753 738 1846 principum
754 1751 997 1844 ingemiscere.
1100 1747 1212 1834 „llle‚
1238 1776 1381 1846 semper
1397 1755 1533 1846 optima
1548 1761 1722 1832 sententia
1742 1767 1808 1836 uti.
1938 1793 1948 1844 ς

65 1859 152 1929 Men.
177 1855 325 1944 Frater,
350 1859 505 1928 concede
519 1853 621 1940 mihi,
646 1867 688 1926 ut
701 1855 835 1948 possim
852 1863 997 1945 tangere
1102 1855 1200 1924 otor.
1226 1853 1418 1926 Praeclara
1433 1857 1571 1942 dixisti,
1598 1874 1634 1931 et
1648 1861 1824 1953 Tzantalo,
1849 1871 1922 1942 lilio
1939 1871 2046 1961 lovis,

414 1983 561 2032 marum
578 1970 689 2029 traam.
1049 1947 1125 2024 505
1150 1954 1285 2046 Digua;
1311 1981 1386 2028 non
1403 1960 1596 2032 dedecoras
1611 1977 1691 2036 tuos
1706 1969 1871 2044 maiores.

65 2065 174 2154 Apum
202 2062 398 2142 Permitto;
426 2075 486 2132 tua
505 2072 557 2131 est
569 2061 664 2131 enim
679 2058 841 2151 potentia
850 2057 911 2153 ⁰⁸),
930 2083 995 2150 ego
1099 2062 1221 2147 Apum.
1240 2057 1365 2132 Laudo
1382 2074 1428 2146 te,
1454 2062 1629 2149 Menelae,
1656 2076 1754 2162 qood
1769 2088 1913 2167 praeter
1923 2103 2044 2150 meam

339 2229 347 2236 .
419 2186 506 2234 vero
521 2163 641 2234 miser.
1322 2251 1326 2258 Ι
1460 2165 1670 2256 opinionem

8 2315 9 2326 κ
65 2267 151 2338 Men.
175 2265 261 2338 luro
274 2266 466 2358 Pelopem,
491 2264 555 2360 qui
570 2277 673 2357 pater
686 2264 757 2334 mei
774 2264 886 2355 patris
1101 2260 1208 2362 llecte
1224 2258 1313 2334 haec
1330 2266 1437 2334 verba
1453 2269 1652 2354 subiecisti,
1677 2285 1711 2344 et
1728 2289 1768 2344 ut
1780 2288 1815 2346 te
1830 2280 1941 2353 decet.

65 2367 104 2436 Et
116 2372 166 2440 tui
180 2371 397 2452 vocabatur,
424 2381 460 2440 et
471 2369 642 2451 Atreum,
669 2367 731 2461 qui
746 2367 868 2457 genuit
883 2369 997 2453 illum,
1100 2365 1197 2435 Men.
1239 2365 1425 2436 Discordia
1467 2371 1508 2438 fit
1549 2371 1667 2466 aliqua
1708 2377 1859 2449 fratrum
1895 2400 2045 2481 propter

30 2466 86 2542 475
109 2471 207 2542 Certe
224 2473 406 2542 dicturum
419 2496 477 2541 nae
493 2469 560 2542 tihi
574 2495 649 2542 esse
662 2493 704 2540 ex
719 2469 864 2550 animo,
1461 2493 1657 2544 amorem·
2036 2483 2043 2502 '

65 2573 103 2642 llt
115 2572 203 2646 nihil
218 2575 474 2657 artificiosum,
500 2575 561 2644 sed
576 2572 648 2656 ita,
672 2584 714 2642 ut
728 2571 855 2644 sentio.
1101 2565 1180 2649 „Ee
1195 2569 1426 2661 cupiditatem
1444 2573 1621 2657 familiam
1647 2581 1839 2653 abominor

65 2675 130 2767 Ego
162 2702 243 2749 cum
272 2679 431 2748 viderem
466 2688 500 2744 te
534 2698 578 2744 er
611 2673 914 2765 oculis-emittere
947 2670 997 2740 la·
1049 2664 1125 2740 510
1151 2669 1309 2753 „Talem
1326 2675 1577 2764 cognationem
1594 2683 1758 2752 acerbam
1779 2686 1873 2758 inter
1887 2714 1972 2764 sese.

415 2774 601 2871 chrymas‚
1100 2777 1221 2864 Apum
1254 2775 1365 2870 Atqui
1395 2781 1624 2866 pervenimus
1650 2785 1688 2854 in
1712 2793 1929 2864 necessarias
1952 2794 2045 2864 cala·

65 2877 217 2954 Misertus
244 2907 326 2953 sum
350 2881 424 2967 tui,
468 2893 504 2950 et
532 2878 608 2973 ipse
632 2873 786 2949 vicissim
818 2876 921 2950 emisi
946 2875 998 2944 la·
1457 2881 1620 2968 mitates,
2047 2911 2050 2930 ·

424 2979 610 3075 chrymas,
1101 2977 1152 3045 Ut
1168 2991 1354 3048 cruentam
1370 2982 1514 3052 caedem
1537 3010 1717 3057 exerceam
1733 2991 1897 3066 insiliam
1913 3021 2045 3070 meam.
2131 2975 2135 2994 ⁸

66 3082 103 3153 Et
114 3086 255 3158 discedo
273 3109 292 3154 a
308 3085 428 3177 priore
448 3083 636 3154 sententia.
1016 3141 1018 3146 .
1100 3083 1198 3150 Men.
1227 3080 1325 3173 Qui?
1351 3083 1432 3174 quis
1446 3089 1603 3178 coegerit
1618 3102 1671 3174 te,
1697 3106 1738 3162 ut
1753 3119 1832 3164 eam
1854 3101 2020 3173 occidas?

17 3173 86 3258 '480
105 3187 182 3260 Nou
197 3189 286 3260 volo
303 3189 342 3257 iu
366 3201 401 3258 te
424 3211 498 3258 esse
520 3184 690 3262 crudelis;
722 3184 815 3252 vado
839 3205 901 3264 eo,
934 3181 996 3252 ubi
1099 3187 1222 3272 Apum.
1251 3181 1366 3254 Totus
1382 3184 1604 3260 Graecorum
1623 3195 1808 3269 exercitus.

411 3302 452 3360 tu
467 3313 564 3360 nuuc
581 3285 694 3382 cem),
957 3337 962 3352 .
1049 3279 1126 3354 515
1148 3287 1246 3354 Men.
1271 3283 1376 3371 Nou,
1401 3287 1431 3358 si
1447 3289 1561 3381 ipsam
1578 3317 1701 3366 rursus
1718 3300 1838 3372 mittas
1855 3307 1900 3374 ad
1916 3302 2045 3400 Argos.

66 3385 177 3462 Ettibi
193 3393 351 3476 suadeo,
377 3416 422 3463 ne
438 3390 631 3462 interficias
647 3389 757 3459 filiam
775 3399 896 3469 tuam,
1100 3390 1224 3476 Apum.
1252 3386 1410 3460 Eatenus
1433 3394 1567 3483 possim
1590 3396 1734 3480 fallere,
1772 3405 1835 3474 sed
1859 3407 1919 3477 illa
1943 3409 1981 3480 in
2005 3435 2044 3481 re

65 3489 175 3588 Neque
201 3497 382 3566 anteferas
405 3519 523 3565 meam
547 3493 760 3572 utilitatem,
798 3486 995 3558 nonenim
1158 3567 1165 3574 ,
1462 3519 1536 3566 uon
1552 3511 1680 3590 potero
1696 3503 1831 3580 fallere.

413 3599 545 3668 iustum
568 3608 621 3666 est
1099 3593 1197 3662 Men.
1225 3591 1322 3686 Quid
1339 3608 1392 3666 est
1407 3596 1520 3667 illud?
1553 3625 1627 3671 non
1644 3621 1787 3695 oportet
1801 3614 1975 3704 populum
1990 3615 2045 3685 ni.

66 3693 109 3765 'le
124 3723 284 3788 gemere,
311 3725 369 3772 me
384 3723 471 3770 vero
490 3699 647 3772 suaviter
659 3691 810 3774 habere;
1458 3700 1527 3774 mis
1549 3704 1688 3778 timere.

66 3793 105 3865 Et
122 3804 211 3872 mori
233 3816 336 3888 tuos,
371 3826 470 3872 meos
494 3798 671 3894 autemffl)
698 3798 879 3890 adspicere
902 3789 997 3862 hanc
1100 3803 1222 3888 Apum.
1249 3797 1398 3872 Calchas
1417 3805 1554 3893 aperiet
1577 3810 1720 3880 oracula
1746 3816 1914 3907 exercitui
1932 3818 2044 3892 Grae-

404 3907 533 3974 lucem.
1459 3927 1597 3980 corum.
1998 3971 2005 3982 .

32 3990 87 4068 405
109 4003 199 4096 Quid
215 4003 312 4074 enim
328 4005 439 4075 volo?
467 4031 514 4076 an
534 4028 609 4074 nou
626 3998 784 4094 egregias
802 3996 946 4090 nuptias
1100 4005 1197 4074 Men.
1222 4003 1327 4089 Non,
1359 4004 1390 4076 si
1413 4019 1495 4076 ante
1519 4012 1714 4094 moriatur;
1752 4010 1821 4084 hoc
1846 4032 1966 4092 autem
1992 4025 2045 4096 fa.

68 4102 153 4176 Alias
169 4130 346 4200 apparare
360 4132 525 4201 possum,
550 4106 582 4178 si
596 4103 740 4197 nuptias
756 4097 945 4172 desidero?
1457 4109 1522 4182 cile
1538 4125 1600 4184 est.

69 4203 127 4276 Sed
140 4212 292 4302 perdens
311 4213 482 4296 fratrem,
506 4234 613 4304 quem
634 4231 693 4278 me
717 4204 865 4276 minime
891 4225 999 4297 opor·
1049 4197 1127 4281 520
1152 4215 1275 4299 Apum.
1302 4211 1436 4286 Totum
1452 4238 1563 4304 genus
1579 4228 1705 4288 vatum
1720 4231 1772 4289 est
1785 4221 1922 4313 gloriae
1944 4229 2044 4321 cupi-

411 4315 509 4383 tebat
524 4314 693 4406 perdere,
1465 4319 1551 4388 dum
1572 4332 1608 4390 et
1624 4323 1772 4393 malum.

69 4405 226 4496 Helenam
246 4414 440 4507 accipiam,
466 4417 600 4486 malum
618 4437 686 4507 pro
705 4408 827 4482 bono?
1100 4419 1198 4488 Men.
1225 4413 1350 4511 Neque
1364 4419 1489 4490 inutile
1507 4446 1623 4517 neque
1637 4424 1724 4494 utile
1741 4437 1804 4497 est.

69 4509 187 4586 Stultus
203 4530 239 4587 et
253 4517 418 4589 iuvenilis
433 4543 532 4588 eram
547 4519 663 4611 prius;
684 4516 746 4588 sed
759 4511 908 4607 propius
921 4533 998 4579 rem
1101 4525 1222 4610 Apum.
1248 4519 1333 4590 Non
1349 4523 1452 4595 times
1466 4524 1575 4610 illud,
1602 4530 1700 4621 quod
1715 4525 1806 4598 mihi
1822 4529 1943 4600 subit?

35 4603 89 4680 490
110 4612 317 4710 luspiciens,
341 4621 429 4705 vidi,
456 4623 562 4715 quale
577 4622 623 4692 sit
638 4619 838 4688 interlicere
853 4614 999 4697 liberos,
1100 4625 1198 4692 Men.
1226 4621 1420 4716 Quomodo
1439 4652 1583 4719 possum
1607 4631 1781 4723 suspicari
1804 4655 1886 4700 eum
1909 4657 2045 4704 sermo.
2148 4633 2152 4644 '

37 4773 211 4806 ..„-
1464 4755 1568 4816 nem,
1595 4757 1703 4825 quem
1717 4745 1757 4803 tu
1770 4754 1846 4802 nou
1860 4733 1972 4805 dicis?

58 4875 96 4944 ς1)
110 4895 189 4950 non
205 4890 300 4952 suns]
319 4890 360 4942 stc
377 4889 464 4942 reret.
478 4885 571 4952 aare,
588 4887 687 4950 aun„
705 4886 827 4951 raum,
844 4883 921 4949 rte,
945 4885 997 4939 ra.
1049 4922 1074 4998 5
1102 4831 1224 4916 ΑΜ·
1252 4829 1375 4950 G⁰¹J¹¹f
1390 4830 1533 4952 SiSYPl‘l
1550 4832 1652 4903 ¹¹⁰Vil
1664 4829 1753 4903 haec
1769 4833 1902 4906 munia·

85 4951 152 5006 ¹⁶⁵⁸·
169 4968 253 5020 ⁹³⁰9*
270 4959 396 5010 “mne
1075 4927 1125 5002 25
1151 4937 1249 5004 Men.
1275 4930 1374 5004 thrl
1391 4948 1462 5019 est,
1488 4960 1526 5005 m
1540 4959 1612 5029 quo
1630 4959 1688 5006 me
1705 4948 1740 5006 et
1754 4949 1788 5006 te
1802 4937 1943 5010 laedere
1960 4963 2044 5032 pos-

60 5045 99 5113 tr)
113 5057 242 5121 roboth]
260 5061 506 5130 attenderim,
527 5059 621 5124 ittae
638 5056 722 5110 ruet.
740 5057 861 5110 recent:
880 5055 999 5108 victorie
1461 5037 1507 5109 sil
1523 5039 1679 5132 Ulysses.

88 5115 184 5188 (ΜΨ
200 5124 231 5177 “³
248 5124 370 5195 '‘⁰⁶¹⁰fl·
587 5145 590 5150 ’
960 5182 968 5198 κ
1098 5145 1221 5229 Apum.
1248 5138 1397 5230 Semper
1414 5152 1466 5210 est
1481 5140 1655 5237 variusffl)
1674 5143 1769 5235 apud
1784 5145 1971 5238 populum.

60 5215 385 5354 “ln⁰{l⁸l‘ig(g=gtffi
404 5223 443 5299 el)
461 5232 654 5296 naturate,
672 5232 765 5297 Bam,
783 5231 903 5296 Murgi,
920 5228 998 5293 Βίης

166 5331 172 5344 ·
300 5316 315 5354 e

61 5384 101 5453 60)
115 5397 210 5461 wien]
228 5401 270 5453 rto
285 5405 337 5457 ne.
352 5401 428 5454 itte.
448 5404 495 5463 t=
513 5403 608 5467 narn.
627 5395 674 5468 8⁸3
697 5401 781 5456 natet.
799 5403 921 5454 recent:
945 5413 997 5452 ve-
1018 5397 1024 5512 Ι
1082 5401 1130 5467 dt)
1148 5401 1260 5460 nnus]
1278 5397 1320 5450 alc
1337 5399 1421 5451 nette.
1439 5397 1532 5462 tm,
1559 5399 1651 5462 ¹⁶⁶2}
1674 5401 1774 5454 Rern:
1798 5400 1938 5468 disertam
1962 5405 2042 5458 Mus.

90 5457 146 5526 ΝΒ
168 5465 195 5516 la
212 5471 260 5522 ua.
280 5473 355 5526 tm.
373 5471 461 5546 deest.
1116 5483 1212 5538 grene
1230 5469 1358 5534 totum,
1380 5469 1457 5523 rtur
1482 5471 1612 5522 versutus
1630 5469 1743 5535 (ttortp.
1759 5467 1907 5562 ποικζλος).

40 5527 192 5614 fluum.
213 5555 317 5621 orm.
340 5556 428 5622 voc.
449 5557 576 5622 xvtu.
1430 5539 1480 5612 4³
