4700 5808
75 229 124 302 sr
240 229 382 304 aaut.
430 183 833 340 ursaramano
856 227 1032 303 omns
1057 227 1447 327 permutant:
1471 229 1759 308 rromuau
1784 231 1875 310 tn.
1897 233 1940 310 n.
2062 233 2116 311 a:

836 499 1001 568 tttttttt
1043 503 1340 569 SECUNDUS.

142 655 409 748 1Praecipuam
442 655 642 726 doctrinam
672 657 831 728 breviter
857 656 1067 750 expositam,

73 770 110 828 ut
129 758 169 826 in
186 759 340 842 tabella,
371 759 605 830 necessariam
622 761 666 829 ad
684 761 945 855 praedictiones
962 784 1067 829 even-

73 873 172 931 tuum
206 861 463 954 singularium,
496 857 668 934 hactenus
692 865 730 932 in
753 889 892 936 summa
919 863 1068 934 tradidi·

70 989 162 1034 mus.
224 963 331 1036 Nunc
363 965 598 1056 adiungamus
634 965 836 1036 doctrinam
860 967 905 1036 de
926 965 1067 1058 praedi-

70 1067 189 1136 ctione
215 1065 472 1158 singularium,
499 1080 675 1163 quatenus
696 1070 866 1161 possibile
891 1082 963 1152 est,
989 1067 1067 1138 ubi-

69 1194 136 1263 quc
153 1169 376 1240 naturalium
393 1195 579 1241 causarum
597 1172 776 1242 rationem
792 1184 990 1274 sequentes.

171 1269 264 1342 Cum
282 1284 402 1342 autem
417 1275 508 1343 duae
523 1272 595 1345 sint
607 1274 951 1368 praecipuaepartes
964 1295 1067 1366 prae-

68 1371 272 1443 dictionum
307 1375 649 1448 astronomicarum:
698 1378 810 1448 altera
841 1375 1067 1458 universalis,

69 1499 159 1568 quae
192 1477 403 1568 regionum,
434 1479 592 1569 gentium
626 1489 688 1550 aut
709 1481 853 1552 urbium
877 1479 1066 1574 qualitates

67 1579 224 1660 indicat:
250 1580 360 1650 altera
379 1580 627 1672 particularis,
655 1608 747 1676 quae
761 1582 983 1674 singulorum
1001 1575 1066 1648 bo-

22 1703 23 1712 *
66 1679 208 1749 minum
229 1682 301 1750 fata
318 1682 537 1755 considerat:
558 1684 658 1778 prius
675 1686 719 1754 de
736 1683 931 1756 universali
946 1683 1066 1753 dicen-

22 2561 24 2668 l

22 4799 24 4890 l

67 1783 154 1853 dum
169 1796 241 1868 est,
269 1785 353 1878 quia
372 1798 519 1857 eventus
540 1812 751 1878 magnarum
778 1787 965 1881 regionum
990 1809 1066 1855 ma-

64 1887 207 1956 ioribus
240 1899 277 1955 et
308 1887 543 1960 validioribus
569 1891 683 1962 causis
708 1904 919 1974 moventur,
954 1912 1062 1984 quam

66 2000 218 2058 eventus
235 1989 469 2080 particulares
483 1987 686 2063 bominum.
739 1993 827 2064 Cum
840 1993 956 2084 igitur
973 2015 1064 2063 sem-

65 2115 130 2184 per
145 2090 401 2164 imbecilliores
418 2107 569 2164 naturae
587 2095 868 2187 potentioribus,
895 2107 930 2164 et
951 2092 1064 2187 parti-

66 2195 206 2264 culares
241 2185 503 2268 universalibus
536 2197 786 2270 subiicientur:
828 2221 969 2268 necesse
1012 2207 1065 2266 est

65 2299 167 2388 prius
185 2295 257 2365 dici
279 2299 324 2368 de
345 2299 646 2390 generalioribus,
672 2301 703 2372 si
723 2299 956 2396 particularia
980 2323 1064 2368 con·

66 2400 261 2470 sideraturi
277 2425 412 2471 sumus.

171 2500 362 2573 Caeterum
389 2499 478 2572 haec
501 2503 712 2575 universalis
736 2505 977 2578 consideratio
1002 2519 1065 2575 aut

68 2619 117 2676 est
132 2617 296 2675 totarum
319 2605 528 2696 regionum,
555 2619 617 2676 aut
641 2607 798 2696 partium
827 2623 865 2679 et
885 2621 1063 2680 certarum

66 2709 226 2780 urbium.
277 2707 467 2778 Praeterea
491 2721 553 2778 aut
576 2707 731 2780 maiores
754 2713 971 2782 mutationes
994 2722 1065 2780 sta-

67 2813 110 2881 tis
124 2824 354 2883 recurrentes
377 2812 619 2905 temporibus,
662 2825 703 2882 ut
723 2814 923 2898 bellorum,
955 2811 1063 2906 pesti-

64 2914 220 2998 lentiae,
255 2927 372 2985 terrae
395 2909 579 3000 motuum,
611 2915 738 2985 diluvii
762 2930 797 2986 et
817 2917 950 2988 similes
972 2915 1065 2985 indi·

65 3032 213 3098 cantur:
241 3030 304 3088 aut
317 3018 470 3090 leviores
485 3031 521 3088 et
534 3019 710 3104 minores,
743 3032 786 3090 ut
808 3043 950 3091 annuae
975 3031 1064 3089 tem-

66 3109 242 3214 pestatis,
262 3120 418 3194 intensio
434 3135 496 3191 aut
512 3121 696 3206 remissio,
717 3134 781 3192 aut
803 3119 919 3194 biems
944 3117 1064 3190 horri-

65 3225 148 3294 dior
173 3235 239 3292 aut
260 3221 405 3309 mitior,
431 3225 536 3296 flatus
563 3237 773 3309 ventorum,
797 3239 933 3311 aestus,
960 3225 1064 3295 uber-

64 3339 138 3410 tas,
168 3325 340 3398 sterilitas
357 3341 392 3397 et
410 3327 478 3396 alia
495 3323 602 3398 huius
617 3326 768 3420 generis.

168 3429 412 3500 Anteferenda
429 3445 481 3502 est
503 3443 622 3500 autem
649 3431 850 3502 observatio
872 3441 1063 3501 eventuum

65 3531 270 3615 maiorum,
305 3547 340 3602 et
356 3534 418 3629 qui
433 3534 516 3604 totis
533 3533 738 3626 regionibus
762 3537 946 3618 accidunt,
980 3557 1065 3626 pro·

64 3647 145 3726 pter
179 3657 325 3704 causam
348 3637 581 3728 praedictam.
639 3635 779 3706 Horum
810 3637 966 3729 cognitio
991 3638 1063 3706 duo

65 3737 241 3832 requirit:
269 3738 425 3830 primum
445 3739 788 3825 considerationem,
815 3743 860 3809 ad
878 3764 967 3834 quas
983 3763 1065 3831 par-

63 3851 114 3912 tes
137 3839 333 3939 Signiferi,
376 3843 478 3911 etad
505 3868 594 3937 quas
615 3842 733 3913 stellas
759 3843 939 3936 quaelibet
964 3841 1062 3932 regio

63 3945 267 4034 pertineat:
306 3945 463 4016 secundo
491 3943 835 4029 considerationem,
876 3945 998 4040 quales
1027 3945 1067 4012 in

65 4045 217 4137 singulis
248 4048 410 4138 partibus
442 4047 645 4118 effectiones
678 4049 829 4117 existant
856 4062 953 4117 certo
976 4060 1065 4116 tem-

65 4173 154 4239 pore
172 4161 324 4240 propter
341 4152 495 4222 defectus
512 4151 710 4236 luminum,
734 4140 924 4222 transitum
943 4173 1064 4218 erran-

65 4251 155 4320 tium
173 4251 379 4338 stellarum,
407 4268 506 4326 ortus
524 4268 557 4324 et
574 4255 758 4326 stationes.
854 4283 857 4296 ·

170 4352 276 4423 Hanc
306 4357 575 4426 consensionem
609 4356 766 4448 primum
797 4354 894 4424 iuxta
920 4365 1066 4424 natura-

64 4455 133 4524 lem
150 4455 333 4526 rationem
351 4483 589 4551 exponamus,
617 4459 734 4528 obiter
747 4459 854 4526 etiam
876 4457 1066 4526 recitantes

65 4559 231 4648 gentium
262 4563 499 4654 proprietates
526 4561 687 4652 corporis
711 4575 746 4630 et
769 4553 933 4644 morum,
975 4583 1066 4654 quae

65 4687 138 4730 non
157 4675 245 4731 sunt
261 4663 398 4734 alienae
416 4690 434 4733 a
458 4663 616 4734 naturali
630 4663 802 4758 qualitate
824 4664 1007 4734 stellarum
1033 4674 1067 4732 et

65 4765 278 4855 signorum,
305 4767 434 4861 quibus
449 4769 627 4838 subiectae
642 4779 737 4838 sunt.

239 4937 295 5042 De
308 4976 515 5064 proprietate
536 4971 721 5044 universali
731 4974 898 5069 gentiam.

170 5123 465 5218 Dmtnguuntnr‘
486 5139 607 5198 autem
644 5126 804 5219 gentium
830 5125 1067 5219 proprietates

69 5251 147 5298 com
167 5229 270 5298 iuxta
285 5229 474 5320 paralleloe
489 5242 525 5300 et
547 5233 717 5322 angulos,
751 5243 828 5301 turn
853 5229 951 5300 iuxta
971 5231 1067 5322 posi·

68 5341 144 5400 tum
166 5333 214 5402 ad
240 5327 452 5425 Edipticam
477 5353 512 5404 et
535 5333 669 5406 Solem.
720 5331 917 5406 Nemeum
940 5346 1066 5406 nostra

65 5425 248 5506 habitatio
277 5433 327 5505 sit
353 5435 393 5504 in
415 5459 490 5508 uno
513 5436 718 5532 aquilonari
741 5437 963 5532 quadrante,
1004 5435 1068 5508 elii

1120 660 1268 731 subiecti
1303 657 1576 730 australioribus
1608 662 1810 752 parallelis,
1851 664 1915 758 qui
1949 678 2034 735 sunt
2068 667 2114 738 ab
2129 693 2140 746 f

1118 763 1384 857 Aequinoctiali
1407 764 1452 831 ad
1473 761 1671 854 'l'ropicum
1704 765 1899 850 aestivum,
1941 789 2021 837 cum
2052 769 2116 838 Sol

1119 866 1255 937 feratur
1270 890 1377 958 supra
1403 888 1527 934 eorum
1551 866 1742 950 verticem,
1775 871 1889 960 magis
1911 869 2002 956 usti,
2034 884 2112 941 atra

1120 992 1273 1060 corpora
1291 964 1445 1052 habent,
1462 980 1496 1035 et
1512 965 1646 1060 crispos
1664 981 1699 1038 et
1715 969 1843 1040 densos
1853 971 2012 1064 capillos,
2028 997 2114 1042 con·
2147 971 2150 976 ’

1119 1083 1270 1142 tractam
1301 1069 1449 1153 faciem,
1486 1071 1659 1140 tabefacta
1690 1073 1872 1158 membra,
1905 1087 2034 1145 natura
2057 1099 2139 1162 ca-¹

1118 1171 1183 1242 lidi
1215 1187 1250 1244 et
1284 1173 1445 1243 moribus
1478 1171 1692 1268 plerumque
1718 1175 1806 1260 feri,
1847 1189 1996 1268 propter
2022 1167 2114 1248 adsi-

1119 1267 1229 1347 duuin
1247 1286 1382 1346 aestum
1399 1274 1437 1344 in
1452 1274 1525 1346 suis
1543 1275 1650 1360 locis,
1673 1302 1764 1372 quos
1781 1303 1951 1350 vocamus
1965 1271 2114 1352 Aethio-

1117 1403 1192 1470 pes.
1242 1381 1295 1449 Ac
1317 1403 1391 1447 non
1415 1377 1531 1449 solum
1557 1377 1625 1470 ipsi
1648 1381 1736 1450 tales
1756 1391 1860 1465 sunt,
1893 1383 2012 1451 sedet
2038 1381 2131 1452 eius·

1118 1480 1188 1550 loci
1206 1506 1268 1550 aer
1284 1493 1319 1550 et
1333 1479 1532 1550 animantia
1548 1494 1582 1548 et
1597 1481 1741 1574 plantae
1759 1496 1843 1554 sunt
1858 1483 2045 1556 aridiores.

1221 1631 1295 1725 Qui
1310 1655 1397 1702 vero
1413 1633 1479 1704 sub
1494 1632 1675 1723 parallelis
1688 1634 2114 1729 aquilonaribnsdegunt,

1120 1733 1244 1818 idest,
1272 1746 1366 1806 recta
1383 1736 1449 1806 sub
1471 1735 1546 1827 ipsa
1563 1735 1694 1820 Arcto,
1727 1738 1810 1832 quia
1835 1740 1961 1829 procul
1984 1739 2115 1823 absunt

1119 1836 1314 1909 aZodiaco
1339 1850 1374 1908 et
1397 1838 1515 1907 calore
1537 1838 1630 1910 Solis
1655 1840 1768 1932 magis
1788 1841 1988 1931 frigefiunt,
2014 1842 2114 1914 ideo·

1115 1963 1185 2034 que
1203 1937 1355 2010 humore
1380 1941 1494 2032 magis
1518 1940 1723 2026 abundant,
1757 1944 1820 2038 qui
1846 1945 1962 2015 nutrit
1987 1967 2112 2015 eorum

1116 2065 1282 2134 corpora.
1335 2041 1497 2136 Cumque
1521 2025 1596 2113 noh
1619 2040 1879 2116 exhauriantur
1901 2055 2020 2130 aestu,
2054 2071 2114 2118 eo·

1115 2145 1192 2214 lore
1209 2158 1294 2216 sunt
1309 2145 1532 2229 candidiore,
1548 2159 1583 2216 et
1591 2147 1739 2238 capillos
1755 2144 1889 2220 babent
1902 2147 2112 2242 promissos,

1116 2271 1265 2338 procera
1282 2260 1319 2318 et
1334 2248 1549 2340 semiplena
1567 2273 1718 2342 corpora
1738 2264 1773 2320 et
1793 2249 1962 2324 nonnihil
1983 2251 2112 2344 gelida.
2148 2339 2151 2345 ἱ

1116 2349 1208 2420 Sunt
1221 2363 1342 2421 autem
1357 2361 1393 2420 et
1411 2351 1479 2442 ipsi
1504 2352 1588 2422 feris
1610 2353 1771 2425 moribus
1795 2365 1949 2446 propter·⁴
1971 2355 2112 2427 assidue

1115 2453 1269 2542 frigora,
1295 2465 1331 2522 et
1350 2453 1532 2543 longiores
1554 2467 1638 2524 sunt
1653 2452 1787 2526 hiemes
1810 2457 1848 2525 in
1872 2482 1914 2526 eo
1939 2481 2040 2540 aere,
2065 2459 2113 2526 ‘et

1116 2554 1327 2646 grandiores
1350 2555 1498 2626 arbores
1523 2567 1558 2625 et
1579 2580 1707 2626 saevae
1732 2557 1878 2631 bestiae.
1931 2557 2112 2631 Vocamus

1116 2669 1235 2728 autem
1253 2652 1319 2728 hos
1335 2658 1551 2749 generaliter
1564 2655 1726 2752 Scythas.

1221 2809 1294 2904 Qui
1311 2823 1430 2880 autem
1450 2811 1582 2882 teneut'
1596 2810 1675 2882 loca
1700 2811 1886 2884 interiecta
1909 2812 2003 2894 inter
2018 2811 2112 2884 Tro-

1115 2911 1235 3003 picum
1254 2911 1427 2984 aestivum
1443 2927 1479 2983 et
1492 2917 1648 2998 Arcton,
1674 2915 1757 3012 quia
1775 2941 1893 3010 neque
1907 2941 2014 3009 supra
2033 2941 2112 2986 ver·
2227 2913 2232 2924 ’

1116 3013 1221 3085 ticem
1250 3016 1410 3110 ipsorum
1435 3017 1497 3088 Sol
1519 3014 1704 3103 evehitur,
1735 3043 1852 3116 neque
1874 3019 1957 3090 inde
1978 3019 2112 3112 longis-

1115 3119 1205 3188 sime
1222 3121 1268 3188 ad
1283 3119 1454 3190 Austrum
1478 3122 1630 3204 recedit,
1655 3119 1694 3190 in
1718 3145 1799 3191 aere
1820 3125 1954 3214 degunt
1975 3135 2112 3215 tempe·

1116 3231 1216 3303 rato,
1236 3223 1298 3316 qui
1316 3246 1537 3316 quamquam
1552 3223 1696 3316 frigoris
1709 3237 1745 3294 et
1759 3237 1875 3296 aestus
1892 3224 2111 3297 differentias

1115 3316 1243 3409 habet,
1268 3337 1390 3393 tamen
1403 3320 1471 3394 hae
1489 3349 1564 3394 non
1580 3339 1664 3396 sunt
1680 3351 1852 3418 maguae,
1878 3353 1943 3398 nec
1961 3352 2110 3422 magnas

1116 3425 1338 3498 diversitates
1354 3427 1392 3496 in
1407 3429 1619 3520 corporibus
1634 3443 1749 3502 aestus
1765 3442 1799 3499 et
1813 3431 1945 3522 frigora
1963 3431 2112 3503 faciunt.

1116 3525 1200 3598 ldeo
1234 3531 1354 3600 colore
1385 3531 1628 3616 mediorum,
1660 3533 1834 3603 mediocri
1856 3546 2015 3620 statura,
2047 3558 2111 3604 na-

1116 3645 1197 3701 tura
1227 3646 1445 3725 temperata,
1485 3634 1666 3704 coniuncti
1691 3632 1994 3722 habitationibus,
2035 3637 2112 3728 pla-

1118 3733 1188 3803 cidi
1211 3735 1383 3807 moribus.
1442 3735 1603 3823 Horum,
1639 3740 1701 3833 qui
1724 3739 1910 3832 propiores
1933 3735 2016 3810 sunt
2037 3738 2111 3810 Au·

1117 3849 1213 3922 stro,
1240 3841 1276 3907 in
1295 3863 1423 3930 genere
1440 3840 1698 3932 ingeniosiores
1716 3856 1750 3911 et
1773 3841 1974 3912 callidiores
2001 3853 2036 3908 et
2055 3843 2110 3909 re-

1117 3965 1198 4010 rum
1228 3941 1434 4012 divinarum
1465 3935 1656 4037 peritiores
1684 3957 1786 4028 sunt,
1826 3943 1909 4038 quia
1942 3943 2110 4013 verticale

1117 4057 1290 4136 punctum
1313 4069 1438 4114 eorum
1463 4050 1612 4138 propius
1635 4059 1686 4116 est
1709 4047 1865 4116 Zodiaco
1889 4059 1923 4115 et
1945 4047 2110 4139 planetis,

1118 4148 1246 4241 quibus
1261 4147 1364 4242 quasi
1377 4145 1630 4218 familiariores
1652 4145 1786 4218 babent
1810 4163 1844 4220 et
1863 4149 1931 4242 ipsi
1952 4151 2111 4240 sagacio·
2185 4219 2187 4222 .

1118 4273 1174 4320 res
1191 4249 1330 4322 animas
1354 4251 1391 4318 in
1416 4249 1689 4344 investigatione
1714 4266 1865 4322 naturae
1888 4265 1923 4322 et
1946 4255 1984 4322 in
2008 4251 2112 4324 disci·

1117 4351 1225 4444 pliuis
1256 4353 1492 4446 percipiendis
1517 4355 1691 4424 maiorem
1715 4357 1943 4427 celeritatem.
2000 4356 2111 4425 Prae-

1119 4469 1214 4526 terea
1232 4451 1398 4528 homines
1413 4458 1451 4525 in
1465 4457 1614 4528 Oriente
1628 4463 1814 4550 degentes,
1840 4459 1954 4550 magis
1971 4483 2110 4528 mascu-

1117 4559 1172 4628 los
1195 4560 1336 4642 animos
1359 4573 1394 4630 et
1413 4561 1590 4632 firmiores
1613 4556 1769 4646 habent,
1802 4560 1922 4632 minus
1944 4573 2028 4630 sunt
2052 4583 2111 4629 oc·

1119 4663 1329 4744 cultatores;
1345 4687 1428 4732 nam
1440 4663 1571 4735 Oriens
1588 4663 1882 4748 naturaeSolaris
1897 4674 1960 4732 est.
1986 4661 2110 4754 Quare

1118 4790 1160 4835 ea
1175 4777 1290 4835 terrae
1307 4791 1389 4857 pars
1403 4767 1556 4852 diurna,
1578 4767 1691 4838 virilis
1705 4781 1741 4836 et
1760 4771 1882 4838 dextra
1908 4761 2112 4835 existiman—

1119 4871 1164 4938 da
1180 4881 1250 4940 est:
1278 4868 1370 4938 utin
1385 4870 1629 4940 animantibus
1652 4871 1775 4940 dextra
1798 4867 1969 4938 calidiora
1995 4881 2030 4939 et
2051 4869 2112 4938 br·

1119 4973 1234 5042 miora
1250 4984 1345 5044 sunt.
2102 4967 2104 4977 ἱ

1219 5123 1276 5194 ad
1285 5122 1516 5194 Occidentem
1532 5145 1619 5192 vero
1637 5123 1824 5213 degentes,
1850 5121 2112 5194 effoeminatio·

1118 5251 1176 5299 res
1189 5241 1293 5312 sunt,
1319 5239 1355 5314 et
1371 5225 1575 5311 molliores,
1592 5239 1627 5296 et
1646 5227 1899 5307 occultatorem
1922 5251 2007 5296 nam
2023 5221 2113 5296 haee

1118 5356 1202 5425 pars
1216 5329 1342 5403 Lunae
1367 5328 1593 5414 attribuitur,
1625 5329 1708 5424 quia
1733 5327 1835 5400 buna
1858 5343 1941 5422 post
1963 5327 2113 5400 coniun-

1118 5435 1273 5506 ctionem
1288 5456 1431 5526 oecoper
1447 5432 1605 5524 primum
1619 5436 1665 5504 ab
1680 5454 1808 5504 ocrem
1822 5431 2112 5524 conspiciendam

1428 5535 1454 5607 8
1474 5531 1495 5571 0
