4700 5808
76 229 123 308 aa
230 229 395 304 uua.
440 227 842 304 mruarasaauo
867 228 1042 304 opums
1068 193 1457 325 Quaourraartrr
1482 227 1769 302 procantu
1800 229 1941 306 unc
2071 233 2124 308 so

77 399 206 476 solaris
223 403 372 484 dicitur;
398 397 641 474 bemicirculus
662 427 749 473 vcro
776 404 821 473 ab
836 401 999 498 Aquario
1015 429 1074 474 us-

78 531 141 602 que
166 506 212 574 ad
238 506 419 576 Cancrum
445 504 620 590 Lunaris,
661 518 701 576 ut
722 507 760 576 in
785 507 947 602 quolibet
969 505 1073 578 semi-

79 609 205 679 circulo
235 610 377 701 signum
410 609 575 702 planetae
606 608 784 679 familiare
816 609 1074 680 attribueretur

79 713 130 782 rel
150 711 246 782 Solis
274 705 445 796 naturae',
487 713 543 782 vel
563 710 688 782 Lunae
716 735 935 804 congruens,
975 713 1071 782 iuxta

77 815 229 907 positum
248 816 392 886 orbium
410 828 586 885 eteorum
609 829 757 886 naturas
770 814 816 912 ⁸).

172 949 269 1022 Nam
287 951 463 1037 Saiturno,
491 952 575 1048 quia
592 951 749 1021 maxime
764 951 914 1043 frigidus
932 963 1003 1035 est,
1037 961 1074 1019 et

79 1079 155 1124 cum
169 1054 290 1123 calore
306 1069 462 1146 pugnat,
489 1079 530 1124 ac
547 1078 755 1146 supremum
771 1057 895 1125 orbem
922 1080 941 1123 a
967 1053 1072 1122 lumi-

76 1156 176 1227 nibus
192 1157 350 1227 maxime
366 1172 545 1228 remotum
562 1171 670 1242 tenet,
688 1159 857 1228 attributa
873 1171 956 1229 sunt
971 1157 1070 1248 signa

76 1260 211 1329 Cancro
227 1273 263 1330 et
278 1257 394 1330 Leoni
412 1261 597 1353 opposita,
631 1260 872 1352 Capricornus
899 1273 934 1330 ει
951 1260 1072 1353 Aqua-

74 1363 162 1433 rius:
192 1388 287 1456 quae
310 1364 409 1454 signa
434 1378 468 1432 et
490 1363 565 1456 ipsa
588 1376 672 1433 sunt
694 1363 823 1454 frigida
849 1377 884 1433 et
906 1358 1072 1446 hiberna,

76 1479 107 1534 et
123 1480 276 1556 propter
293 1465 557 1558 oppositionem
575 1467 746 1537 malefica.

171 1596 251 1669 lovi
280 1613 420 1684 autem,
461 1600 523 1695 qui
547 1612 600 1678 est
622 1612 841 1694 temperatae
862 1614 1013 1670 naturae
1037 1611 1072 1668 et

72 1701 250 1772 subiectus
275 1703 354 1772 orbi
378 1703 545 1787 Saturni,
584 1705 666 1773 data
698 1715 782 1774 sunt
808 1702 972 1795 proxima
1003 1701 1072 1772 illis

73 1805 192 1896 signa,
219 1820 367 1878 ventosa
388 1819 422 1876 et
437 1808 633 1892 foecunda,
660 1806 872 1898 Sagittarius
889 1819 924 1876 ει
940 1805 1071 1889 Pisces,

74 1933 161 2002 quae
185 1907 365 1979 luminum
389 1910 489 2002 signa
514 1909 657 2001 trigono
684 1913 854 2004 adspectu
873 1910 1072 1991 intuentur,

74 2011 133 2104 qui
149 2013 321 2082 convenit
335 2012 601 2084 beneficentiae.

169 2146 313 2218 Deinde
328 2148 439 2218 Marti
457 2149 687 2234 desiccatori,
713 2160 748 2218 ει
761 2147 880 2240 posito
898 2149 964 2218 sub
984 2148 1070 2218 orbe

70 2245 181 2334 lovis,
223 2253 324 2342 sigua
356 2252 549 2322 domiciliis
570 2250 665 2324 lovis
699 2253 865 2343 proxima
898 2252 1068 2321 attributa

71 2366 170 2436 sunt,
196 2353 367 2446 Scorpius
382 2367 418 2424 et
432 2354 555 2439 Aries,
581 2379 673 2448 quae
688 2367 837 2447 propter
853 2356 1068 2448 quadratum

71 2457 275 2548 adspectum
298 2459 345 2526 ad
361 2459 537 2528 luminum
554 2456 756 2542 domicilia,
782 2470 985 2548 congruunt
1006 2481 1070 2526 na·

73 2571 172 2629 turae
188 2561 321 2630 noxiae
337 2572 373 2631 et
391 2561 617 2654 corruptrici.

169 2694 306 2765 Veneri
330 2720 437 2781 vero,
480 2721 573 2792 quac
596 2708 748 2766 naturae
773 2709 826 2767 est
849 2708 1069 2789 temperatae

71 2809 104 2866 et
117 2801 183 2869 sub
198 2800 288 2868 orbe
304 2798 431 2870 Martis
451 2802 588 2893 posita,
615 2799 785 2869 attributa
808 2813 891 2872 sunt
908 2797 964 2871 his
984 2824 1070 2894 pro-

68 2901 162 2972 xima
191 2915 228 2972 ει
252 2903 528 2974 foecundissima
551 2903 672 2996 signa,
712 2900 822 2973 Libra
855 2916 891 2973 ει
911 2903 1069 2986 Taurus,

69 3031 160 3099 quae
176 3019 327 3098 propter
341 3007 573 3098 sexangulum
590 3009 795 3098 adspectum
812 3007 956 3078 mitiora
973 3019 1068 3077 sunt·

68 3109 193 3205 Neque
220 3105 308 3179 haec
329 3111 430 3182 stella
452 3111 606 3203 amplius
629 3111 770 3182 duobus
800 3108 911 3202 signis
942 3111 1068 3195 anteit,

69 3226 128 3284 aut
145 3214 310 3308 sequitur
327 3213 459 3294 Solem.

168 3353 353 3424 Mercurio
370 3378 470 3438 vero,
498 3353 560 3447 qui
576 3353 722 3424 ultimus
739 3364 804 3436 est,
829 3377 896 3422 nec
913 3351 1067 3445 amplius

68 3481 139 3528 uno
158 3458 264 3550 signo
280 3480 299 3525 a
316 3457 399 3527 Sole
415 3457 571 3542 recedit,
598 3470 633 3526 et
657 3455 822 3529 aliorum.
838 3457 1064 3548 planetarum

67 3561 213 3632 orbibus
230 3559 428 3644 subiectus,
455 3586 496 3630 ac
511 3559 706 3630 luminibus
721 3561 906 3652 proximus
923 3571 987 3643 cst,
1014 3573 1067 3628 at-

67 3665 198 3735 tributa
232 3677 317 3734 sunt
345 3663 445 3755 signa
473 3663 663 3734 domiciliis
686 3662 864 3735 luminum
888 3664 1067 3757 proxima,

68 3765 212 3838 Gemini
237 3779 273 3837 et
286 3766 411 3860 Virgo.

451 3974 506 4042 De
531 3971 687 4061 triponis.

168 4099 418 4199 Trigonorum
444 4106 672 4178 familiaritas
704 4105 786 4178 talis
811 4117 875 4178 est.
935 4105 1066 4174 Trian-

68 4211 169 4300 gulus
197 4211 403 4305 aequalium
429 4211 582 4282 laterum
606 4212 718 4301 ligura
746 4222 799 4280 est
831 4207 987 4278 maxime
1014 4232 1066 4278 se-

69 4338 144 4383 cum
163 4314 242 4406 ipsa
259 4314 496 4386 consentiens.
553 4314 602 4384 Et
619 4314 794 4384 Zodiacus
817 4325 890 4382 tres
914 4311 1066 4382 circulos

69 4418 246 4500 continet,
274 4417 573 4511 aequinoctialem
591 4431 625 4487 et
642 4420 731 4487 duos
749 4415 919 4507 tropicos.
953 4411 1066 4506 Ipsius

69 4545 150 4588 vero
167 4521 358 4590 duodecim
373 4522 451 4590 loca
475 4520 687 4590 dividuntur
712 4519 751 4587 in
774 4530 931 4614 quatuor
954 4519 1065 4588 trian-

68 4624 168 4712 gulos
182 4623 388 4718 aequalium
406 4625 574 4695 laterum.

166 4756 308 4828 Horum
341 4757 452 4850 igitur
477 4759 615 4849 primus
639 4755 781 4825 ducitur
805 4779 870 4848 per
892 4753 1067 4842 Arietem,

67 4855 226 4930 Leonem
255 4873 292 4956 et
320 4861 574 4952 Sagittarium,
625 4860 692 4930 tria
725 4859 823 4950 signa
855 4859 1066 4946 masculina,

67 4975 267 5054 quaesunt
289 4965 469 5034 domicilia
493 4965 604 5050 Solis,
639 4963 767 5033 Martis
788 4973 824 5032 et
844 4959 950 5035 lovis.
1002 4963 1066 5034 At-

99 5201 130 5264 0)
149 5202 230 5252 iuxta
246 5199 366 5264 positura
385 5196 491 5248 orntum
510 5199 538 5248 ει
559 5208 653 5248 eorum
666 5197 799 5255 naturas]
816 5192 967 5246 Ptolemaei
979 5195 1067 5245 rerba

133 5272 172 5321 stc
190 5269 336 5320 translate
352 5271 420 5318 naec
437 5269 518 5318 sunt:
539 5261 701 5322 ἀκολούθως
717 5263 778 5320 rote
794 5263 850 5313 τῶν
862 5258 996 5325 κινήσεων
1014 5255 1065 5312 od·

132 5339 191 5389 reia
209 5339 363 5405 σφαίραις,
386 5331 435 5387 stul
451 5335 512 5394 ταῖς
529 5333 586 5386 roir
605 5328 720 5402 φύσεων
735 5329 924 5400 ιδιοτροπίαις.
965 5331 1065 5384 Canac·

132 5410 225 5458 rarius
250 5411 321 5458 neec
344 5406 385 5456 ste
407 5406 508 5455 vertit:
544 5414 595 5468 pro
626 5404 819 5457 convenientia
842 5401 948 5456 orbtutu
970 5403 1064 5453 notris

132 5478 256 5540 tuaru-
275 5477 305 5527 ct
322 5477 441 5527 naturas
459 5475 638 5538 proprietate.

1125 402 1297 474 tribuitur
1313 418 1432 474 autem
1447 398 1506 472 hic
1524 402 1724 496 triangulus
1740 403 1867 476 Soli-et
1885 403 1974 476 lovi.
2025 405 2125 478 Mars

1124 530 1212 576 vero
1243 508 1403 580 exclusus
1438 519 1510 589 est,
1550 507 1634 602 quia
1657 511 1868 579 adversatur
1888 509 1982 580 Solis
2002 511 2126 578 condi-

1126 608 1228 678 tioni.
1280 611 1500 680 Dominatur
1514 623 1632 680 autem
1658 611 1697 680 in
1718 608 1788 682 hoc
1809 613 1990 704 triangulo
2012 613 2124 682 inter·

1127 712 1189 782 diu
1207 711 1290 797 Sol,
1315 726 1425 784 noctu
1442 711 1589 805 lupiter.

1226 829 1344 904 Locus
1352 833 1485 904 Arietis
1500 845 1553 902 est
1568 831 1851 927 aequinoctialis,
1872 831 2005 905 Leonis
2019 833 2123 906 aesti-

1125 959 1211 1017 vus,
1246 935 1432 1026 Sagittarii
1463 930 1647 1006 hibernus.
1711 933 1808 1004 ldem
1833 937 2034 1028 triangulus
2058 963 2123 1030 po·

1124 1037 1299 1107 tissimum
1316 1039 1605 1130 septentrionalis
1620 1049 1690 1121 est,
1725 1039 1808 1132 quia
1824 1035 1959 1131 Iupiter
1974 1041 2024 1108 ibi
2039 1063 2124 1132 par·

1125 1151 1195 1208 tem
1214 1141 1367 1210 dominii
1380 1153 1496 1226 tenet,
1527 1142 1590 1236 qui
1612 1143 1808 1212 foecundus
1830 1155 1904 1228 est,
1936 1155 1972 1212 et
1994 1141 2124 1214 flatuo·
2248 1206 2251 1212 ,

1124 1267 1203 1326 sus,
1245 1245 1461 1315 conveniens
1482 1245 1615 1328 ventis,
1658 1245 1721 1338 qui
1744 1244 1883 1314 cientur
1913 1245 1952 1314 in
1982 1258 2122 1337 septen·

1124 1345 1254 1417 trione.
1306 1347 1354 1416 At
1370 1360 1519 1440 propter
1533 1347 1661 1417 Martis
1677 1348 1825 1418 domum
1843 1347 1972 1440 recipit
1991 1346 2122 1418 mixtu·

1124 1471 1203 1518 ram
1227 1450 1352 1520 Africi.
1415 1449 1462 1520 Et
1493 1448 1722 1520 constituitur
1754 1450 1973 1542 triangulus,
2012 1475 2121 1544 quern

1124 1566 1254 1620 vocant
1280 1553 1429 1624 mixtum
1453 1579 1496 1623 cx
1517 1552 1635 1622 Borea
1660 1565 1696 1621 et
1715 1551 1850 1626 Africo.
1909 1553 2001 1625 Nam
2021 1553 2122 1626 Mars

1124 1654 1252 1724 excitat
1276 1670 1402 1728 ventos
1426 1655 1586 1738 Africos,
1615 1667 1764 1748 propter
1787 1653 1913 1726 Lunae
1935 1656 2122 1726 familiari·

1124 1768 1254 1842 tatem,
1278 1773 1313 1829 ει
1328 1759 1412 1854 quia
1426 1758 1656 1830 occidentalis
1673 1782 1756 1850 pars
1772 1757 1925 1828 feminea
1943 1771 2007 1830 est.

1199 1877 1409 1948 Secundus
1445 1878 1645 1970 triangulus
1678 1877 1821 1948 ducitur
1850 1902 1915 1969 per
1944 1877 2121 1964 Taurum,

1124 1979 1309 2070 Virginem
1340 1995 1375 2051 et
1398 1981 1680 2072 Capricornum,
1716 1980 1785 2048 tria
1818 1980 1918 2070 signa
1948 1981 2121 2062 feminea;
2237 2011 2239 2016 ·

1124 2107 1237 2180 quare
1245 2083 1371 2154 Lunae
1388 2083 1564 2154 etVeneri
1582 2081 1807 2164 attribuitur;
1833 2083 2043 2154 dominatur
2058 2108 2121 2154 au·

1123 2202 1194 2258 tem
1211 2187 1244 2256 ei
1267 2200 1377 2258 noctu
1392 2185 1516 2273 Luna,
1548 2186 1706 2258 interdiu
1721 2183 1855 2257 Venus.
1908 2187 1960 2256 Ac
1976 2187 2120 2260 Taurus

1123 2291 1349 2383 propipr‘est
1373 2291 1507 2361 aestivo
1530 2289 1682 2373 circulo,
1716 2287 1828 2380 Virgo
1853 2290 2120 2384 aequinoctiali,

1123 2393 1366 2485 Capricornus
1386 2389 1553 2464 hiberno.
1604 2391 1802 2482 Praecipue
1816 2417 1902 2462 vero
1926 2389 1983 2462 hic
2007 2393 2121 2462 trian-

1122 2497 1225 2587 gulus
1248 2509 1300 2566 est
1328 2497 1512 2580 australis,
1551 2507 1701 2586 propter
1721 2493 1872 2566 Veneris
1901 2495 2120 2565 dominatio·

1122 2624 1227 2684 nem,
1252 2622 1345 2693 quac
1364 2601 1440 2670 eius
1462 2597 1575 2690 partis
1598 2608 1724 2668 ventos
1748 2597 1817 2666 ciet
1838 2598 1973 2668 calidos
1997 2611 2032 2668 et
2053 2594 2120 2670 bue

1122 2704 1250 2774 midos.
1303 2701 1473 2772 Admittit
1489 2713 1607 2770 autem
1633 2711 1669 2769 ει
1682 2697 1943 2786 subsolanum,
1968 2712 2120 2793 propter

1122 2804 1401 2898 Capricornum,
1427 2805 1490 2898 qui
1507 2816 1559 2874 est
1574 2801 1720 2873 Saturni
1738 2803 1974 2876 domicilium.
2025 2805 2121 2896 Con-

1120 2909 1279 2981 stituitur
1294 2920 1413 2980 autem
1430 2903 1488 2978 bic
1503 2906 1722 2997 triangulus,
1754 2929 1861 3000 quem
1878 2919 2009 2978 vocant
2028 2907 2120 2978 mix-

1120 3025 1196 3085 tum
1228 3037 1271 3082 ex
1292 3012 1424 3082 Austro
1458 3023 1493 3080 ει
1516 3009 1736 3088 Subsolano;
1781 3008 1850 3079 ciet
1876 3009 1971 3080 enim
1996 3008 2121 3082 Satur-

1120 3140 1188 3186 nus
1205 3127 1331 3186 ventos
1346 3113 1550 3198 orientales,
1574 3123 1723 3204 propter
1736 3110 2018 3183 familiaritatem
2036 3137 2120 3184 cum

1120 3218 1214 3290 Sole.

1221 3333 1367 3404 Tertius
1385 3332 1585 3424 triangulus
1600 3331 1743 3403 ducitur
1756 3357 1822 3425 per
1837 3332 2031 3416 Geminos,
2056 3329 2120 3404 Li·

1118 3440 1222 3510 bram
1237 3449 1273 3507 et
1285 3435 1508 3531 Aquarium,
1541 3434 1608 3504 tria
1626 3437 1782 3510 mascula
1800 3437 1921 3526 signa,
1955 3437 2070 3506 aliena
2096 3459 2117 3505 a

1119 3542 1258 3622 Marte;
1299 3541 1361 3610 sed
1385 3539 1619 3630 congruentia
1645 3564 1725 3610 curu
1742 3539 1900 3610 Saturno
1923 3549 1958 3609 ει
1974 3539 2117 3610 Mercu-

1117 3644 1195 3729 rio,
1221 3656 1371 3736 propter
1386 3645 1459 3712 duo
1484 3642 1629 3712 illorum
1649 3641 1848 3724 domicilia;
1882 3643 1964 3713 ideo
1987 3638 2042 3714 his
2064 3655 2118 3712 ata

1119 3747 1289 3818 tribuitur
1306 3743 1364 3817 bic
1384 3745 1596 3842 triangulus.
1654 3746 1707 3815 Ac
1728 3745 1887 3817 interdiu
1908 3745 2121 3816 dominatur

1118 3851 1293 3921 Saturnus
1315 3861 1464 3942 propter
1486 3873 1587 3919 suam
1616 3848 1879 3932 conditionem,
1914 3847 2117 3918 Mercurius
2191 3868 2192 3874 ’

1118 3979 1205 4024 vero
1222 3966 1343 4024 noctu.
1396 3952 1545 4044 Signum
1563 3964 1682 4021 autem
1698 3951 1934 4022 Geminorum
1956 3948 2116 4022 vicinum

1119 4070 1171 4130 est
1197 4056 1328 4126 circulo
1355 4057 1511 4136 aestivo,
1549 4051 1659 4123 Libra
1685 4053 1960 4149 aequinoctiali,
1993 4049 2119 4150 Aqua·

1118 4155 1390 4246 riusthiberno.
1458 4154 1691 4228 Potissimum
1720 4151 1778 4226 bic
1806 4157 2008 4250 triangulus
2032 4181 2119 4227 cou-

1118 4261 1214 4354 gruit
1234 4287 1313 4331 cum
1340 4261 1562 4343 Subsolano,
1603 4274 1753 4352 propter
1776 4261 1985 4332 Saturnum.
2046 4259 2117 4330 Sed

1118 4365 1201 4460 quia
1223 4362 1301 4435 lovi
1319 4363 1506 4439 familiaris
1530 4376 1602 4446 cst,
1648 4364 1689 4433 fit
1710 4364 1841 4436 mixtus
1864 4390 1906 4435 ex
1928 4363 2045 4434 Borea
2081 4374 2117 4435 el

1118 4471 1339 4554 Subsolano,
1365 4468 1450 4563 quia
1465 4465 1691 4537 familiaritas
1708 4481 1760 4538 est
1777 4465 1871 4538 lovis
1889 4480 1925 4537 et
1941 4467 2100 4538 Saturni.

1219 4591 1378 4700 Quartus
1420 4603 1620 4695 triangulus
1652 4603 1794 4675 ducitur
1827 4630 1892 4698 per
1924 4603 2115 4688 Cancrum,

1117 4711 1305 4802 Scorpium
1336 4721 1372 4778 et
1391 4707 1531 4791 Pisces,
1573 4705 1636 4801 qui
1657 4707 1875 4802 relinquitur
1898 4704 2009 4777 Marti
2031 4729 2116 4800 pro-

1117 4811 1413 4907 pterScorpium,
1441 4811 1503 4904 qui
1519 4823 1570 4880 est
1580 4809 1707 4880 Martis
1724 4810 1958 4882 domicilium.
1999 4808 2116 4882 Simul

1119 4930 1237 4988 autem
1264 4915 1499 4984 dominantur
1526 4925 1630 4982 nocte
1653 4912 1778 4996 Luna,
1812 4913 1970 4985 interdiu
1993 4927 2115 4984 autem

1116 5020 1248 5090 Venus.
1321 5017 1387 5088 Est
1407 5030 1535 5106 autem
1568 5015 1705 5087 Cancer
1732 5017 1770 5086 iu
1799 5018 1934 5088 aestivo
1968 5017 2115 5104 circulo,

1117 5123 1286 5215 Scorpius
1316 5119 1467 5214 propior
1494 5116 1668 5204 hiberno,
1699 5118 1819 5192 Pisces
1847 5121 2115 5218 aequinoctiali.

1116 5227 1167 5296 Ac
1192 5225 1420 5298 constituitur
1444 5219 1503 5292 bic
1526 5225 1689 5315 trigonus
1712 5225 1944 5295 occidentalis
1966 5235 2116 5318 propter
2203 5271 2207 5276 -

1116 5329 1243 5400 Martis
1257 5342 1293 5399 et
1308 5325 1434 5400 Lunae
1459 5327 1764 5413 dominationem,
1796 5352 1837 5399 ac
1859 5329 1899 5397 fit
1919 5328 2049 5398 mixtus
2073 5349 2116 5396 ex

1114 5433 1247 5505 Austro
1263 5446 1298 5504 et
1311 5432 1455 5514 Africo,
1485 5443 1636 5526 propter
1650 5427 1841 5502 Venerem.
