4616 5810
210 209 288 290 sos
381 155 397 168 ⁶
534 305 537 312 ,
776 200 901 276 rint,
935 195 1050 274 rann
1082 195 1288 272 sennua
1321 197 1661 275 rnuonouma
2149 211 2209 288 aa
2277 261 2278 278 Ν

213 386 275 448 Ubi
296 384 426 464 denique
447 390 478 444 et
498 391 656 444 onasum
676 391 834 437 eumen
861 389 879 432 a
904 368 1021 432 sinistra
1041 369 1206 448 edmrtptua
1226 379 1259 430 et
1277 365 1436 452 atrupbu
1456 368 1635 452 inculpatio
1656 370 1694 432 ad
1715 371 1845 434 medium
1864 389 1978 434 rermm
1993 373 2148 438 lldltiouum
2159 381 2213 458 ¹5·

213 471 311 534 tandr.
334 470 483 550 pertinet,
502 477 660 544 utrumque
680 465 795 542 rignum
818 455 888 540 (⁶†)
912 459 992 532 roci,
1014 475 1032 515 a
1053 473 1112 534 qua
1132 466 1164 514 et
1184 472 1286 517 terens
1306 467 1337 516 et
1358 456 1480 536 strophe
1499 459 1530 516 in
1554 458 1609 519 ild.
1631 459 1720 518 Barn.
1741 459 1872 534 orditur,
1897 461 2096 538 praefigamus.
2115 494 2153 509 -
2174 466 2214 526 ltx

211 558 290 615 notia
310 554 533 632 marginalibus,
559 567 635 630 quas
654 547 810 625 Xylander
839 544 961 621 singulis
990 541 1060 600 locis
1082 539 1253 618 adscripsit,
1281 542 1311 600 iu
1340 540 1397 602 bne
1424 541 1575 620 tragoedia
1596 555 1627 603 et
1649 544 1854 620 sequentibus,
1881 561 1932 602 eas
1953 537 2125 622 omittemut',
2151 569 2215 628 quaa
2278 523 2279 575 ἶ

211 639 286 701 nibil
305 639 456 702 continent
476 637 532 698 nisi
552 636 683 715 cingulas
701 650 789 697 rocoa
803 647 822 691 e
835 639 920 690 textu
932 627 1087 707 repetitae.
1100 657 1147 672 -
1165 625 1212 684 De
1225 626 1309 706 tigno
1323 623 1377 710 („)
1391 627 1490 687 multis
1510 629 1643 688 venito·
1655 629 1789 708 praefixo
1811 647 1900 709 snpra
1919 649 1951 710 p.
1961 627 2024 692 293
2034 649 2076 708 aq.
2096 631 2215 696 ditimta

2279 786 2280 834 l

858 1141 1172 1224 EURIPIDIS
1205 1142 1599 1223 I’IIottNIssAn
1724 1139 1726 1144 '

751 1297 975 1362 eurutrro
1006 1293 1341 1360 unntnruunu
1376 1296 1705 1362 rnrnarnnrr.

310 1501 394 1570 Duo
426 1507 510 1569 sunt
534 1489 721 1586 praecipui
750 1488 846 1581 apud
872 1486 1029 1557 Graecos
1058 1497 1199 1573 tragoe-
1250 1485 1337 1555 dona
1361 1482 1496 1576 Argos,
1519 1484 1621 1555 duxit
1636 1484 1747 1556 filiam
1768 1483 1862 1577 regis
1876 1484 2031 1558 Adrasti.
2082 1487 2219 1578 Cupiens

208 1609 289 1680 diae
310 1601 520 1692 scriptores,
549 1591 744 1687 Sophocles
768 1604 803 1660 et
823 1587 1036 1679 Euripides,
1069 1585 1198 1680 quibus
1250 1600 1371 1656 autem
1393 1587 1512 1656 redire
1528 1587 1566 1656 in
1586 1587 1740 1679 patriam
1759 1598 1794 1657 et
1810 1612 1981 1678 persuaso
1997 1613 2129 1672 socero,
2149 1613 2219 1658 eon-

208 1698 633 1798 Aristophanespalmam
643 1694 780 1764 tribuit.
802 1690 873 1761 Sed
890 1683 1199 1782 vulgoSophodes
1250 1689 1411 1780 gregavit
1439 1713 1610 1780 magnum
1641 1688 1833 1758 exercitum
1854 1703 1979 1760 contra
2008 1691 2166 1776 fratrem,
2190 1699 2221 1762 et

208 1812 387 1888 iudicatur
415 1801 607 1895 grandium
643 1795 827 1890 aliquanto
856 1793 969 1886 magis
998 1787 1198 1862 rhetoricus
1250 1793 1295 1860 ad
1314 1785 1459 1862 Thebas
1481 1793 1592 1864 venit.
1642 1789 1761 1862 Mater
1785 1793 1860 1864 eius
1883 1790 2017 1864 Iocaste
2036 1795 2116 1864 iecit
2138 1818 2220 1876 cum,
2283 1835 2284 1866 ι

208 1929 263 1988 eat
277 1909 480 1999 Euripides,
495 1916 531 1974 et
546 1897 743 1994 pluthabet
760 1908 1072 1968 ornamentorum.
1095 1893 1197 1964 Adeo
1249 1893 1351 1966 tactis
1366 1893 1539 1980 induciis,
1559 1896 1597 1964 in
1612 1896 1737 1964 urbem
1755 1881 1958 1978 venire,'et
1972 1894 2123 1990 colloqui
2136 1895 2220 1986 prius

209 2015 338 2090 citatus
366 2011 447 2080 init·
466 2004 632 2088 Gcaecis,
669 2013 712 2073 ιιίΙ
739 1998 850 2070 Siculi
878 1999 1011 2068 multos
1038 1995 1201 2087 captivos
1249 1997 1457 2066 cumfratre
1473 1998 1518 2066 de
1534 1997 1750 2090 principatu.
1797 1997 2024 2067 Terribiliter
2040 2023 2075 2068 se
2095 2007 2219 2088 gerente

208 2113 413 2192 dimiserint
457 2121 669 2205 propterea,
708 2105 805 2200 quod
841 2102 980 2196 aliquas
1013 2095 1199 2190 Euripidis
1249 2095 1395 2168 Eteocle
1418 2111 1568 2192 propter
1582 2099 1834 2194 tyrannidem,
1855 2112 1973 2170 mater
1987 2097 2118 2170 Iocaste
2141 2099 2219 2168 tilios

208 2217 412 2313 tragoedias
431 2214 476 2282 ab
500 2210 586 2304 ipsis
612 2207 832 2289 didicerant,
862 2227 954 2301 quae
980 2213 1056 2272 tunt
1077 2223 1199 2269 reeen-
1249 2199 1480 2272 reconciliare
1495 2225 1571 2272 non
1587 2201 1716 2294 potuit.
1757 2201 1948 2295 Polynices
1967 2228 2051 2272 vero
2065 2215 2218 2296 tanquam

209 2340 263 2398 tes
302 2333 407 2393 erant
440 2317 479 2386 in
509 2311 673 2388 Graecia.
739 2305 877 2378 Eodem
911 2305 1007 2374 enim
1036 2315 1198 2396 tempore
1250 2305 1297 2372 ad
1329 2328 1489 2396 pugnam
1516 2303 1728 2390 instructus,
1754 2299 1897 2376 ¹deinde
1932 2305 2038 2378 cessit
2065 2331 2106 2378 ex
2133 2298 2219 2376 urite.

207 2428 378 2496 viserunt
396 2415 648 2507 et·'Enripidea
669 2423 705 2482 et
726 2405 980 2502 Sophoclea¹),
1013 2405 1077 2500 qui
1106 2427 1199 2474 unus
1248 2404 1476 2478 vaticinatur
1498 2405 1676 2493 Tiresiae,
1700 2405 1889 2478 victoriam
1915 2408 2135 2500 propositam
2156 2425 2220 2476 eote

209 2530 317 2600 etiarn
346 2523 415 2594 fuit
436 2543 479 2589 cx
500 2517 596 2603 istis,
629 2514 759 2608 quibus
790 2509 1082 2580 commiscuerat
1111 2529 1198 2576 cura
1250 2502 1453 2594 Thebanis,
1491 2510 1522 2580 si
1559 2510 1653 2580 tilius
1680 2509 1845 2580 Creontis
1875 2509 2090 2580 Menoeceus
2125 2503 2220 2576 Marti

208 2625 382 2707 exercitus
412 2625 581 2692 adversus
611 2617 762 2688 Siculos.
829 2613 946 2683 Porro
979 2607 1199 2681 Phoenissae
1249 2611 1520 2684 sacrificaretur.
1572 2611 1691 2683 Creon
1710 2635 1797 2682 vcro
1818 2636 1855 2682 se
1868 2614 2040 2684 daturum
2062 2610 2166 2681 tilium
2181 2605 2222 2676 ci-

207 2712 343 2804 iiomen
366 2722 502 2798 habent
526 2751 546 2793 a
566 2719 796 2822 mulieribus,
820 2740 912 2812 quae
935 2709 1085 2784 chorum
1112 2733 1201 2780 con·
1251 2711 1354 2781 vitati
1377 2713 1563 2785 infitiatur.
1613 2713 1755 2785 Iuvenis
1783 2725 1904 2786 tamen
1923 2715 2060 2802 voluit,
2082 2715 2219 2804 datoque

208 2831 372 2910 stituunt.
431 2827 523 2899 Cum
555 2823 650 2894 enim
679 2817 865 2912 tragoedia
888 2817 933 2888 sit
959 2815 1080 2906 imago
1104 2811 1199 2882 vitae
1250 2810 1303 2882 illi
1326 2815 1433 2885 exilio
1455 2840 1528 2886 nna
1550 2841 1629 2888 cum
1648 2817 1808 2911 pecuniis
1828 2841 1849 2886 a
1869 2831 1974 2912 patre
1995 2829 2143 2888 mortem
2165 2807 2222 2883 sibi

209 2937 347 3010 aulicae
377 2957 441 3004 seu
461 2927 648 3022 politicae,
676 2919 786 2993 habet
817 2919 925 2989 etiam
949 2939 1121 3012 personas
1143 2938 1199 2984 re-
1249 2917 1441 3002 contcivit,
1472 2932 1509 2988 et
1535 2922 1719 3011 negotium
1751 2922 1900 3012 peregit.
1959 2919 2047 2993 Inde
2074 2913 2221 2992 Thebani

208 3041 305 3134 gias,
334 3033 515 3129 principes
540 3042 576 3099 et
597 3039 791 3121 tyrannos,
810 3021 944 3114 partim
967 3022 1096 3102 bonos,
1117 3040 1200 3110 par·
1251 3021 1359 3092 duces
1385 3019 1604 3112 Argivorum
1635 3025 1902 3096 interfecerunt.
1960 3022 2120 3096 Eteocles
2148 3039 2222 3086 vero

208 3144 275 3214 tim
298 3140 433 3217 malos;
455 3135 541 3204 item
563 3129 769 3210 ministros,
792 3147 858 3218 per
878 3147 968 3218 quos
988 3147 1046 3193 res
1069 3143 1200 3214 gerun-
1252 3135 1288 3192 et
1307 3121 1515 3216 Polynices,
1534 3124 1708 3218 singulari
1728 3125 1921 3196 certamine
1944 3123 2140 3218 congressi,
2159 3133 2223 3187 ιω.

208 3255 296 3320 ῐίίίίι
317 3253 363 3312 cl
384 3233 571 3317 eborum.
588 3231 653 3326 qui
678 3229 853 3323 populum
881 3225 1067 3318 signifieat.
1132 3222 1200 3294 Hic
1251 3225 1419 3295 ciderunt
1453 3252 1491 3298 se
1528 3241 1667 3300 mutuo.
1733 3227 1851 3297 Mater
1886 3245 2015 3300 eorutn
2055 3222 2227 3296 inveniens

206 3343 300 3418 nihil
331 3341 527 3412 admodum
553 3335 646 3425 agit,
677 3332 745 3403 nisi
772 3331 872 3424 quod
894 3329 1052 3419 imperio
1066 3324 1200 3416 princi-
1252 3336 1414 3400 mortnos
1434 3328 1547 3414 tilios,
1569 3330 1637 3400 sibi
1659 3329 1728 3422 ipsi
1742 3331 1896 3401 mortim
1917 3329 2102 3404 conscivit.
2149 3323 2225 3395 Itur

208 3471 296 3542 pum
326 3440 516 3512 hincinde
542 3435 703 3526 rapitur,
732 3444 828 3500 recte
858 3431 951 3498 facta
980 3430 1125 3510 laudat,
1155 3427 1199 3495 de
1252 3441 1372 3498 autem
1402 3433 1513 3500 frater
1538 3431 1657 3502 Creon
1688 3457 1838 3524 regnum
1871 3435 2030 3527 accepit,
2062 3443 2098 3500 et
2114 3421 2225 3518 Argivi

208 3546 351 3619 iniuriis
380 3537 633 3634 conqueritur,
669 3547 735 3603 etc.
807 3531 874 3600 Hic
907 3530 1016 3622 igitur
1048 3525 1197 3598 chorum
1250 3527 1410 3624 superati
1429 3527 1470 3602 in
1492 3558 1633 3627 pugna,
1665 3547 1856 3606 cesserunt.
1916 3535 2039 3606 Creon
2065 3553 2164 3625 aegre
2183 3529 2227 3598 le·

210 3645 395 3722 constituit
423 3669 464 3714 ex
489 3635 695 3711 Phoenissis
728 3633 960 3716 mulieribus,
988 3631 1072 3726 quia
1095 3630 1198 3724 Tyro
1250 3648 1353 3718 reris,
1384 3629 1464 3720 eos,
1495 3638 1558 3732 qui
1579 3639 1755 3708 interfecti
1776 3638 1927 3709 inbello
1960 3653 2039 3710 erat
2061 3639 2125 3712 sub
2147 3632 2227 3704 Cad-

210 3748 492 3846 ,anagninae
515 3753 619 3814 crant
638 3739 747 3820 istae,
779 3749 820 3806 ut
841 3737 1063 3806 donarentur
1088 3727 1199 3826 Apol·
1250 3763 1373 3823 maea,
1398 3739 1514 3807 noluit
1537 3743 1730 3813 concedere
1754 3744 1799 3812 ad
1823 3743 2067 3834 sepulturam
2094 3733 2227 3830 Polyni-

208 3857 277 3950 litti
305 3876 373 3947 pre
403 3861 508 3945 parta
536 3838 688 3916 Vlclfflia
717 3841 764 3912 fid
793 3833 992 3910 Theb³ss⁰⁵
1025 3847 1196 3932 tanquam
1251 3863 1326 3913 cem
1350 3866 1436 3923 veru
1460 3838 1869 3930 inhumaturnmhiecit,¹
1887 3858 1922 3914 et
1937 3843 2119 3938 Oedipum
2142 3835 2228 3926 misit

209 3970 392 4050 cognatos.
443 3953 536 4024 Nam
553 3937 1199 4023 ThebaniaPhoenissis'ortierant,
1250 3941 1467 4027 inexilium,
1485 3945 1522 4012 in
1543 3946 1721 4040 aliquibus
1736 3941 2228 4034 servaashumanantlegem,

209 4073 245 4132 et
268 4060 413 4154 quidem
433 4053 610 4125 Cadmum
632 4049 717 4117 inde
739 4045 957 4136 appellatum
982 4042 1217 4126 existimant·
1250 4044 1491 4140 nitallquibus
1517 4048 1607 4118 iram
1630 4073 1801 4145 sequens,
1834 4073 1908 4118 non
1931 4034 2120 4121 miseratus
2145 4043 2227 4114 cala·

178 4179 182 4185 “
209 4161 296 4258 quia
319 4157 426 4252 ω’)
445 4154 632 4226 Orientem
654 4145 879 4246 significat⁸).
1060 4220 1064 4235 Ι
1250 4147 1410 4219 mitatem
1436 4175 1573 4222 eorum·

519 4295 898 4391 Argumentum⁴).
1242 4341 1244 4348 ,
1650 4248 1722 4410 Αἰ.
1763 4318 1816 4408 (μ

323 4403 505 4486 Eteocles,
525 4413 670 4492 accepto
693 4422 805 4488 regnu
828 4393 1058 4479 Thebarum,
1080 4395 1199 4487 privat
1233 4397 1262 4429 '²'
1713 4364 1753 4408 ¹1¹
1817 4339 1845 4436 ).

210 4521 314 4606 parte
343 4509 490 4579 fratrem
521 4527 625 4575 suum
649 4500 873 4594 Polynicem.
931 4497 1024 4568 Exul
1057 4498 1117 4568 ille
1144 4493 1199 4568 ite-
1254 4497 1278 4542 ἰ
1363 4487 1495 4557 Plenae
1525 4502 1608 4558 sunt
1638 4490 1827 4560 affectuum
1858 4483 2078 4560 Phoenissae
2108 4486 2144 4555 in
2170 4477 2229 4552 hae

219 4663 425 4684 ····‘··‘
1251 4591 1449 4681 tragoedia.
1502 4589 1667 4662 Mortuus
1688 4606 1741 4663 est
1761 4593 1853 4662 iilius
1873 4591 2130 4682 Creontispro
2153 4581 2229 4654 civi-

247 4764 277 4833 1)
297 4760 448 4828 sophocles
466 4756 541 4809 um,
557 4755 601 4808 0„
618 4754 664 4820 ,θ’
681 4755 706 4806 4·
726 4749 816 4818 (tas.)
835 4729 933 4815 m,
952 4749 995 4801 01.
1009 4747 1054 4810 ,θ’
1065 4749 1091 4798 ,Ι
1110 4745 1199 4816 (m)
1252 4705 1342 4774 tate;
1383 4693 1519 4762 mortui
1548 4707 1632 4764 sunt
1669 4708 1704 4764 et
1741 4695 1870 4765 iratres
1900 4697 2141 4812 duo-mutua·
2160 4705 2230 4756 cae-

280 4836 406 4885 mortuus
424 4824 648 4889 estallurlpides
667 4823 711 4873 01.
729 4821 774 4884 lb,
797 4825 820 4872 ί.
840 4821 931 4880 (480.)
950 4819 1042 4880 natus,
1061 4808 1198 4882 obbliga.
1250 4797 1314 4876 de:
1350 4808 1385 4865 el
1417 4809 1531 4865 malet·
1561 4819 1687 4866 eorum
1708 4793 1881 4893 Iocasle')
1912 4821 1950 4868 se
1981 4819 2098 4888 Ipsam
2131 4802 2230 4860 Inter·

280 4890 865 5026 ffldpnfirtpupseaeppqritgetgtpppbardyt
883 4883 1202 4988 Grtntdttsaddiriecb,
1248 4899 1333 4968 fecit
1352 4900 1446 4968 inm
1470 4899 1580 4980 filiun
1614 4911 1649 4975 et
1674 4901 1781 4970 duces
1803 4899 1948 4991 Argivi,
1979 4898 2044 4992 qui
2073 4897 2121 4966 ad
2144 4885 2230 4961 The.

244 5051 264 5104 8
296 5049 375 5102 cont.
393 5045 507 5099 florenti
525 5046 649 5093 theram.
668 5055 690 5094 a.
709 5055 737 5092 v.
760 5036 842 5120 0⁸22·
1580 5016 1584 5034 ‘

245 5120 264 5172 ⁸
296 5119 373 5169 llaec
394 5113 532 5179 praetutia
548 5110 734 5162 Melautbonic
758 5112 787 5162 in
810 5109 881 5163 solla
904 5107 989 5160 tttttt
1009 5107 1103 5173 tata,
1122 5105 1196 5159 tttoe.
1229 5113 1236 5124 '

244 5187 384 5325 offitiis·
406 5248 510 5301 tritartt
530 5247 686 5313 argumonll
709 5250 785 5308 (cum
807 5243 939 5305 annexis)
961 5243 1121 5296 Melautbun
1142 5255 1204 5296 nm·
1282 5201 1598 5336 ”Klmgffingffgog
1615 5201 1837 5334 ffugi'miffiig
1850 5201 1941 5323 1,Ἦῄ
1955 5197 2229 5334 ῗῶῗωῖξιιιιΐωιτιίιι

279 5318 636 5453 attentabant
648 5313 1200 5442 staltatbadttat'att
1318 5341 1370 5394 ⁸²
1388 5342 1504 5397 Μ’*
1523 5343 1637 5404 ”aar
1655 5339 1799 5402 Iconi
1817 5339 1906 5400 net·
1976 5367 1980 5374 ·

282 5469 414 5526 uaccam
431 5469 491 5508 oum
508 5456 561 5506 bac
576 5451 805 5517 interpretatione
823 5451 944 5514 praebet.
1283 5443 1316 5511 6)
1334 5445 1455 5506 ίοοιιίο]
1473 5445 1516 5496 etc
1531 5445 1582 5497 Ed.
1600 5444 1693 5510 ttta5
1711 5443 1796 5498 ntttt.
1816 5443 1909 5509 tm,
1926 5444 2009 5495 Itara
2028 5439 2143 5493 locarit·
