4616 5810
205 242 279 315 qu
545 263 548 276 ·
777 219 901 298 mille
930 217 1045 298 hfflls
1076 205 1281 305 ΜΚ
1307 212 1648 294 mutuatos.
1809 241 1814 246 ·
2157 223 2230 298 “d

261 409 466 509 (Sufficiunt
486 404 601 487 enim,
624 393 781 494 quinati
793 407 896 484 sunt,
916 419 1035 491 neque
1057 417 1120 468 cos
1138 417 1195 466 re-
1295 397 1366 480 lu.
1387 391 1486 480 llere
1510 388 1603 464 milri
1623 387 1890 466 sobeerr’nhrc
1916 393 2093 468 omne.

583 498 585 504 ’
621 492 826 600 prehendo)
1064 531 1067 541 ·
1126 528 1131 537 ·
1296 495 1395 588 Quid
1417 479 1687 580 cratluturum,
1708 494 1827 570 eitibi
1843 496 1888 568 de
1903 497 2039 589 nuptiis
2053 497 2240 588 diissem

225 627 229 634 '
264 620 332 690 Sed
360 603 458 709 quod
487 606 685 679 maximum
714 599 791 687 est,
819 615 860 674 ut
885 604 1073 674 commode
1098 600 1195 674 vive-
1540 634 1546 646 ·
1656 619 1748 693 qnae
1772 623 1819 669 ne
1840 601 2105 694 nunr=quidcn

166 763 172 772 .
621 731 742 778 remus
1246 695 1323 773 590
1345 700 1410 772 Vis
1432 701 1614 772 remittere
1640 701 1865 772 iracundiam
1888 702 2026 774 minu?

150 811 152 820 ’
214 823 290 896 560
310 819 359 890 Et
379 841 455 888 uon
473 837 676 908 egeremus,
695 809 829 889 sciens,
851 807 950 900 quod
1296 807 1391 877 Med.
1416 803 1501 876 Non
1521 799 1594 874 hoc'
1612 805 1805 885 senticem
1829 806 1891 876 scd
1906 805 2061 877 barbare
2076 807 2243 878 coniunx

265 924 495 1013 „Pauperem
519 940 644 988 omnes
665 910 772 984 amici
790 909 1003 1001 iogiunt⁸¹);
1298 905 1381 977 Nun
1405 907 1494 978 ratis
1508 901 1665 1000 gloriosa
1690 908 1756 978 tibi
1779 907 1818 978 in
1838 921 2018 980 senectute
2038 909 2176 982 uisset.

264 1027 312 1097 Et
333 1039 373 1096 ut
393 1023 526 1094 liberos
540 1022 752 1100 educerem,
776 1013 1080 1106 quemadmodum
1097 1014 1197 1082 decet
1298 1013 1368 1080 lae.
1398 1007 1477 1080 llec
1505 1023 1538 1080 te
1559 1013 1672 1103 probe
1705 1011 1794 1082 scire
1823 1010 1951 1096 velim,
1979 1035 2056 1094 non
2083 1027 2244 1106 propter

621 1141 739 1190 meam
757 1114 944 1200 familiam,
1660 1114 1848 1184 mulierem
1947 1119 1951 1127 “

138 1233 143 1244 '
266 1235 314 1304 Et
334 1233 481 1324 gignens
503 1229 651 1306 fratres,
674 1221 744 1292 tuis
766 1217 889 1289 liberis
1091 1227 1094 1234 ’
1280 1213 1359 1283 'Me
1378 1213 1517 1286 duxisse
1538 1214 1648 1286 liliam
1670 1218 1784 1308 regis,
1807 1241 1916 1311 quam
1939 1243 2035 1290 nunc
2055 1215 2198 1300 hebco;

163 1401 166 1411 ,
216 1393 217 1398 ,
264 1337 388 1407 Unum
411 1355 521 1423 genus
544 1330 717 1408 lacerem,
739 1323 847 1417 idque
870 1319 1100 1412 coniungens,
1249 1311 1325 1388 595
1346 1317 1434 1401 Sed,
1448 1330 1497 1388 ‘ut
1518 1331 1624 1388 antea
1649 1320 1741 1403 dixi,
1770 1321 1893 1394 voleus
1917 1345 2061 1394 servare

184 1501 190 1522 ,
221 1435 301 1512 565
319 1435 466 1507 beatius
498 1432 676 1524 viveremj
706 1425 772 1496 tibi
796 1425 891 1494 enim
914 1422 1001 1518 quid
1032 1445 1124 1514 opus
1146 1431 1199 1491 est
1301 1419 1375 1503 Te,
1396 1433 1433 1490 et
1457 1419 1544 1491 meis
1567 1421 1689 1494 liberis
1714 1424 1841 1494 fratres

355 1587 360 1594 .
620 1526 768 1600 liberis?
1299 1522 1431 1614 Regios
1453 1523 1618 1614 gignere,
1639 1525 1948 1617 propugnaculum
1969 1528 2110 1600 domus.

263 1641 311 1714 Et
332 1637 423 1711 mihi
443 1638 588 1730 prodest
606 1630 737 1704 futuris
755 1627 878 1698 liberis
1299 1629 1393 1700 Med.
1410 1625 1518 1712 „Non
1532 1629 1717 1720 contingat
1731 1625 1820 1698 mihi
1835 1629 1915 1700 talis
1929 1630 2126 1716 bretevile,
2141 1655 2246 1724 quae

264 1743 358 1828 Eos,
378 1742 443 1837 qui
461 1742 606 1820 vivunt,
629 1734 770 1806 iuvare:
797 1755 844 1800 en
867 1728 960 1799 male
974 1728 1198 1800 consultari?
1515 1735 1518 1740 '
1556 1729 1682 1800 afferat
1703 1725 1794 1800 mihi
1808 1744 1945 1804 tantam
1962 1733 2165 1805 molestiam
2175 1733 2246 1830 ω),

264 1847 321 1922 Ne
344 1858 383 1915 tu
408 1842 552 1936 quidem
578 1839 714 1908 diceres
729 1830 816 1918 boc,
839 1833 958 1904 uisite
976 1834 1199 1903 offenderent
1301 1829 1456 1928 „Neque
1478 1830 1645 1919 divitiae,
1671 1857 1762 1928 qnae
1784 1857 1904 1906 meum
1926 1835 2087 1908 animum
2108 1838 2246 1908 dolore

625 1961 742 2009 novae
762 1935 929 2028 nuptiae;
1661 1937 1852 2008 afficerent.

267 2051 367 2134 „Sed
390 2071 433 2118 co
457 2043 605 2128 venitis,
628 2053 688 2126 ut,
707 2065 790 2111 cum
809 2051 905 2110 recte
928 2062 965 2108 se
988 2031 1098 2107 habet
1250 2034 1326 2106 600
1344 2039 1415 2106 las.
1438 2034 1643 2108 Poeuitebit
1665 2051 1729 2136 te,
1744 2051 1780 2108 et
1802 2035 2017 2131 pqodentior
2037 2041 2134 2114 eris?

216 2150 291 2225 570
315 2135 348 2237 *„
358 2146 572 2240 Coniugium
581 2171 599 2237 ‚¹
621 2141 753 2238 putetis
782 2167 847 2213 vos
876 2140 1043 2234 mulieres
1077 2137 1197 2208 omnia
1303 2137 1435 2222 „Bona
1455 2161 1531 2208 uon
1554 2138 1743 2210 videantur
1763 2141 1828 2210 tibi
1848 2144 2011 2228 molesta,
2129 2213 2133 2222 ,

635 2242 844 2342 heberc⁵¹):
1301 2239 1417 2324 „Non
1441 2253 1566 2332 putato
1590 2254 1624 2313 te
1648 2267 1723 2340 esse
1744 2243 1933 2330 miseram,
1955 2271 2038 2320 cum
2056 2247 2105 2320 sis
2125 2247 2232 2322 felix.

127 2397 129 2404 ·
267 2355 406 2449 „Quod
429 2353 459 2425 si
480 2349 663 2422 calamitas
682 2347 802 2448 aliqua
825 2343 992 2416 inciderit
1016 2343 1054 2414 in
1077 2340 1199 2413 conio·
1301 2345 1395 2415 Med.
1416 2340 1561 2418 Allicias
1575 2371 1633 2416 me
1656 2347 1893 2432 contumelia,
1912 2362 2103 2444 postquam
2119 2363 2161 2422 tu
2177 2347 2248 2420 ha-

206 2454 214 2470 ·
606 2451 722 2544 glum
745 2450 858 2534 vobis,
1666 2450 1728 2522 bes
1755 2461 1956 2542 receptum

266 2615 289 2645 „
298 2559 418 2630 Etiam
441 2534 503 2641 eh,
527 2579 618 2650 quae
643 2566 728 2626 sunt
748 2555 885 2646 optima
908 2565 943 2622 et
958 2545 1197 2642 pulcherrima
1300 2544 1378 2639 Ego
1402 2560 1522 2620 autem
1543 2551 1682 2623 deserta
1703 2552 1837 2644 sugium
1860 2576 1901 2624 ex
1923 2549 1990 2625 huc
2014 2567 2125 2628 terra.

627 2657 749 2739 vobis,
769 2656 921 2726 invisam
942 2677 1020 2722 rem
1251 2645 1326 2722 605
1359 2655 1429 2722 lar.
1467 2652 1526 2723 Tu
1546 2654 1622 2746 ipsa
1648 2650 1738 2726 haec
1764 2655 1921 2748 elegisti,
1959 2658 2099 2732 nullum
2126 2660 2246 2730 alium

134 2767 137 2774 ’
268 2763 449 2850 „Ducitis
482 2761 702 2854 ¹Oportebat
725 2752 890 2828 homines
915 2747 1058 2826 aliunde
1660 2773 1798 2830 accusa.

267 2866 455 2956 „Ceignere
476 2863 628 2946 liberos,
647 2883 765 2955 neque
790 2884 864 2932 esso
882 2881 992 2950 genus
1008 2857 1197 2928 muliebre:
1301 2857 1395 2927 Met.
1417 2855 1514 2948 Quid
1536 2857 1683 2956 leci³⁰)?
1708 2883 1755 2929 an
1778 2861 1885 2952 nupsi
1906 2873 1968 2956 aut
1994 2863 2143 2955 prodidiv
2157 2865 2223 2936 te?

216 2966 292 3042 575
316 2967 404 3053 „Sic
427 2963 591 3037 homines
618 2964 756 3034 nullum
779 2963 916 3033 malum
938 2956 1122 3030 haherent.
1300 2955 1502 3049 1us.lmpie
1527 2963 1742 3033 maledicens
1765 2965 1918 3054 regibus.

126 3155 131 3162 ,
269 3073 367 3146 Olor.
390 3067 514 3155 lason,
536 3063 684 3161 pulchre
708 3077 746 3136 tu
771 3065 916 3162 quidem
940 3064 1077 3136 ornasti
1098 3074 1196 3134 tuam
1302 3062 1397 3132 Med.
1417 3059 1465 3130 Et
1486 3077 1546 3134 tua
1571 3067 1699 3136 domus
1722 3089 1779 3136 me
1804 3081 2024 3153 execratur„

263 3236 268 3245 ,
610 3179 786 3250 'causam;
1302 3165 1373 3235 lar.
1395 3163 1479 3236 Non
1500 3166 1649 3259 litigabo
1672 3181 1790 3238 tecum
1814 3171 1860 3240 de
1882 3166 1937 3242 his
1959 3165 2033 3242 dio.

266 3271 359 3345 Mihi
379 3288 522 3359 temen,
542 3273 684 3345 etiamsi
690 3284 845 3369 praeter
858 3284 958 3342 tuam
974 3269 1201 3352 sententiam,
1252 3261 1329 3335 610
1349 3266 1388 3336 si
1410 3267 1463 3338 vis
1487 3271 1608 3361 pueris
1632 3284 1695 3342 aut
1718 3271 1823 3345 exilio
1844 3285 1906 3344 tuo
1929 3274 2077 3369 aliquod

265 3377 406 3448 Videris
430 3379 559 3450 iniuste
581 3375 722 3457 iecisse,
753 3377 850 3469 quod
878 3372 1068 3466 prodidisti
1100 3383 1199 3443 tuam
1305 3366 1482 3440 viaticum
1504 3374 1548 3442 de
1571 3398 1650 3444 mea
1675 3375 1826 3466 pecunia
1847 3376 2040 3469 accipere.

622 3499 785 3548 uxorem.
1303 3471 1445 3556 Dicito,
1468 3477 1551 3568 quie
1571 3501 1649 3547 sum
1675 3489 1821 3566 paratus
1844 3477 1944 3570 larga
1967 3503 2078 3548 manu
2102 3481 2208 3564 dare,

152 3612 157 3622 ·
267 3585 362 3655 Mea.
394 3581 499 3651 Certe
523 3580 562 3648 in
586 3579 708 3649 multis
734 3578 841 3648 rebus
865 3575 1034 3646 dissentio
1056 3577 1101 3645 ab
1122 3573 1201 3645 aliis
1303 3571 1351 3644 Et
1380 3572 1521 3648 mittere
1545 3574 1745 3672 hospitibus
1774 3582 1946 3666 donema,
1976 3594 2017 3652 ut
2037 3581 2101 3652 tibi
2130 3585 2248 3654 bene-

293 3677 296 3690 '
410 3713 416 3722 ·
542 3730 552 3746 .
627 3676 847 3751 hominibus.
1104 3747 1106 3755 ,
1658 3680 1802 3752 saciant.

214 3783 290 3860 580
326 3781 450 3873 „Mihi
479 3785 575 3857 enim
605 3783 723 3856 omnis
752 3783 923 3864 iniustus,
964 3779 1026 3875 qui
1053 3776 1200 3871 pulchre
1302 3778 1341 3850 si
1363 3773 1451 3848 haec
1472 3803 1548 3848 non
1573 3779 1646 3866 vis,
1667 3783 1775 3854 stulta
1798 3807 1854 3866 cs,
1879 3809 1901 3854 o
1924 3784 2070 3866 mulien

246 3953 248 3958 ,
627 3887 745 3957 dicere
1252 3878 1328 3954 615
1349 3881 1531 3954 Desisteus
1555 3908 1642 3954 vero
1666 3888 1712 3955 ab
1733 3886 1809 3970 ira,
1830 3881 1977 3960 habebis
2000 3888 2163 3958 meliora.

264 4043 287 4076 „
295 3989 437 4077 Potest,
464 3990 620 4062 maxima
644 4011 761 4084 poene
784 3988 912 4082 dignus
933 3983 1141 4082 videtur⁶⁴).
1301 3987 1396 4058 Mes.
1420 3985 1545 4080 Neque
1565 3999 1647 4058 utar
1668 3988 1738 4059 tuis
1757 3983 1969 4080 hospitibus,

262 4092 357 4166 Nam
382 4117 463 4165 cum
488 4093 679 4186 glorietur,
699 4117 736 4163 se
763 4091 915 4162 dicendo
940 4113 1043 4182 posse
1068 4111 1198 4158 ornare
1301 4085 1426 4182 Neque
1455 4089 1646 4183 quicquam
1680 4091 1873 4183 recipiam,
1904 4117 2021 4188 neque
2055 4095 2117 4164 des
2146 4090 2248 4162 mihi

622 4194 771 4264 iniustas
796 4217 932 4275 causas,
1663 4194 1811 4289 aliquid.

262 4293 382 4374 Audet
401 4295 540 4368 fallere:
565 4295 604 4365 id
625 4297 786 4388 prolecto
809 4317 885 4365 non
906 4306 958 4364 est
980 4317 1119 4386 sapere,
1302 4290 1417 4374 „Non
1439 4305 1592 4384 prosunt
1612 4295 1706 4366 done
1730 4294 1889 4390 improbi
1909 4295 1978 4367 viri
1987 4297 2048 4394 W).

213 4394 289 4469 565
306 4397 415 4470 sicut
434 4411 469 4469 et
488 4412 528 4469 tu
548 4421 625 4467 nou
650 4421 747 4469 nunc
769 4399 939 4467 adversus
965 4419 1021 4468 me
1046 4396 1116 4468 eris
1137 4396 1196 4466 de·
1300 4395 1370 4466 las.
1393 4391 1470 4486 Ego
1495 4407 1617 4467 tamen
1642 4409 1753 4470 testor
1775 4400 1885 4486 Deos,

622 4523 728 4570 corus
1249 4493 1325 4569 620
1341 4496 1451 4589 Quod
1464 4498 1548 4568 volo
1562 4498 1628 4570 tibi
1642 4488 1833 4598 liberisque
1849 4500 1971 4574 omnia
1987 4501 2243 4597 suppeditare;

261 4601 444 4677 Etbouus
470 4615 606 4677 orator.
659 4601 782 4673 Unum
807 4601 956 4670 verbum
979 4599 1114 4669 occidet
1136 4611 1181 4670 te.
1298 4596 1369 4667 Sed
1389 4611 1431 4670 tu
1455 4623 1531 4670 nou
1549 4601 1604 4673 vis
1625 4601 1743 4689 bona,
1765 4605 1996 4698 pertinaciter

259 4703 432 4799 Oportuit
445 4718 500 4792 te,
522 4708 554 4778 si
568 4702 713 4801 quidem
728 4727 804 4776 nou
819 4702 932 4774 iecisti
949 4703 1046 4772 malo
1061 4703 1194 4786 animo,
1276 4698 1440 4773 'Pellens
1465 4702 1617 4776 amicos:
1640 4729 1725 4798 ergo
1748 4708 1868 4780 doleas
1890 4709 2016 4802 magis.

626 4833 684 4880 me
707 4807 807 4901 prius
829 4824 1011 4899 peruase,
1295 4805 1390 4875 Meu.
1414 4803 1531 4891 Vade,
1552 4831 1589 4878 es
1613 4831 1735 4880 amore
1758 4835 1874 4882 novae
1895 4836 2047 4904 sponsae

259 4908 332 4982 llas
356 4913 502 5005 nuptias
522 4923 710 5004 appetere,
729 4934 805 4981 non
829 4909 921 4980 clam
942 4905 1078 4979 amicis.
1296 4903 1451 4998 Captus,
1476 4911 1623 4982 tardans
1646 4925 1746 4983 extra
1768 4917 1928 4985 domum.

206 5067 404 5083 ῃ
529 5078 538 5095 .
777 5087 787 5102 ⁶
1261 5063 1276 5074 Ι.
1325 5062 1450 5075 *-

237 5177 287 5248 m
306 5181 339 5232 s
360 5181 379 5234 ι.
398 5181 427 5233 ιιι
444 5181 543 5236 oen
562 5179 647 5236 mt
663 5183 731 5234 ποτ·
747 5191 852 5244 nst-2
870 5179 1025 5244 roem·
1042 5179 1146 5243 ,su
1275 5137 1576 5288 Nlltl'ldl‘i
1591 5143 1973 5292 td·,²t¹l¹tt‘⁰lltt
1990 5149 2234 5296 ttdtbfftss

236 5279 285 5350 tt)
304 5283 342 5345 ΙΙ.
357 5284 379 5340 1.
395 5281 460 5336 tutu
477 5283 545 5336 nota
560 5289 665 5346 urg:
685 5281 830 5334 ttullerun
844 5280 996 5345 zelotypia
1308 5295 1418 5346 2010„
1434 5311 1470 5342 =
1486 5295 1580 5360 huelp.
1599 5293 1737 5362 ggmr.)⁸

232 5381 452 5510 Magiam.
474 5381 505 5436 ln
519 5391 609 5450 nug.
624 5381 764 5447 rdrcrlptr
785 5385 865 5434 suut:
893 5381 926 5488 tu
947 5381 1038 5464 netur
1061 5377 1189 5432 amau
1272 5379 1376 5498 ⁵ch:
1391 5379 1411 5433 Ι.
1429 5380 1458 5432 tu
1474 5379 1560 5438 ttdttt.
1579 5381 1666 5450 itte,
1685 5381 1762 5436 lost.
1780 5387 1847 5437 rote
1863 5395 1967 5451 merge
1985 5383 2123 5438 laturo·
2142 5387 2227 5438 uere-
