4700 5808
820 221 946 298 etun
976 222 1090 298 MEL.
1126 221 1330 298 SCRIPTA
1359 221 1702 302 mosomus.

579 397 642 468 oe
662 390 903 484 fratribus.

243 586 245 592 ,
349 529 404 600 Ex
433 555 505 625 quo
534 532 614 599 loco
639 529 865 602 coniecturae
886 535 930 602 de
953 533 1162 624 parentibus
1186 557 1243 603 su-

245 647 412 716 mantur,
440 633 573 702 dictum
593 621 655 704 esl.
707 631 761 704 De
776 634 946 706 fratribus
968 659 1077 720 vero,
1111 637 1141 706 si
1163 635 1243 730 quis

247 735 409 828 generali
424 734 698 826 investigatione
713 751 901 809 contentus
925 739 1010 822 erit,
1042 762 1110 808 nec
1133 762 1240 828 supra

246 861 357 932 quam
372 837 541 930 possibile
561 851 631 922 est,
658 862 848 910 nnmerum
871 851 906 910 et
927 841 1158 933 particularia
1183 865 1242 911 ex-

248 931 327 1011 acte
343 953 511 1035 quaeret,
536 937 681 1034 physica
707 944 848 1012 ratione
873 945 918 1012 de
941 944 1122 1035 germanis
1145 953 1242 1014 etex

245 1045 373 1112 eadem
390 1056 504 1113 matre
522 1043 618 1114 natis
633 1053 749 1114 sumet
764 1045 935 1116 iudicium
953 1071 996 1116 cx
1010 1047 1112 1137 signo
1131 1047 1241 1116 medii

245 1145 339 1215 coeli
348 1145 395 1244 ¹⁸)
413 1159 448 1216 et
466 1157 631 1216 materno
647 1147 747 1230 loco,
778 1144 849 1217 hoc
864 1161 936 1232 est,
952 1149 1155 1241 excipiente
1173 1147 1242 1218 Ve-

147 1291 151 1308 ·
195 1252 201 1272 ⁸
244 1271 371 1318 nerem
387 1248 564 1333 interdiu,
592 1262 627 1319 et
641 1262 751 1320 noctu
766 1249 922 1346 Lunam.
975 1251 1065 1321 Cum
1084 1251 1180 1322 enim
1204 1253 1242 1322 id

153 1373 160 1384 “
246 1350 388 1443 signum
406 1364 442 1424 et
456 1354 645 1422 succedens
663 1351 860 1442 significent
872 1365 1024 1424 matrem
1041 1367 1077 1424 et
1102 1355 1178 1426 eius
1200 1355 1243 1423 li·
1287 1394 1289 1410 t

245 1453 373 1537 beros,
400 1453 468 1524 erit
483 1454 578 1523 idern
594 1455 747 1524 fratrum
765 1457 877 1528 locus.
929 1457 967 1526 Si
981 1457 1092 1548 igitur
1111 1459 1244 1527 benefi-

244 1579 310 1626 cae
323 1556 424 1626 illum
442 1556 561 1627 locum
582 1557 801 1648 adspiciunt,
837 1560 970 1630 multos
991 1562 1120 1631 fratres
1140 1584 1244 1653 prae-

246 1658 424 1743 dicemus,
440 1659 680 1729 coniecturam
697 1661 865 1731 facientes
883 1687 902 1730 a
918 1663 1148 1734 multitudine
1162 1664 1244 1734 stel-

245 1761 385 1846 larum,
412 1773 448 1833 et
463 1785 506 1831 ex
521 1762 648 1854 signis;
681 1765 790 1834 refert
810 1764 927 1850 enim,
957 1778 1078 1836 utrum
1103 1767 1150 1836 sit
1170 1790 1242 1836 una

244 1865 383 1956 figura,
410 1889 457 1932 an
472 1865 696 1958 bicorporea.

352 1967 417 2038 Sin
447 1981 566 2038 autem
589 1969 769 2038 maleficae
793 1970 915 2040 stellae
938 1995 1045 2062 supra
1072 1967 1168 2041 hunc
1190 1969 1243 2040 lo-

245 2091 330 2140 cum
344 2069 502 2140 elevatae
516 2072 662 2156 fuerint,
683 2084 746 2141 aut
759 2073 894 2143 fuerint
910 2073 1094 2166 oppositae
1109 2099 1152 2143 ex
1168 2073 1245 2142 dia·

247 2185 383 2257 metro,
414 2173 664 2263 significabunt
686 2198 820 2266 paucos
843 2177 982 2247 fratres.
1040 2175 1245 2246 Adsumunt

248 2286 369 2346 autem
392 2285 427 2344 et
449 2275 580 2348 Solem.
638 2277 828 2348 Praeterea
858 2279 889 2350 si
912 2281 950 2348 in
975 2279 1181 2350 cardinibus
1204 2281 1245 2348 fit

248 2377 449 2471 oppositio,
477 2391 513 2448 ct
534 2380 688 2448 maxime
712 2380 743 2450 si
763 2379 801 2450 in
825 2383 1037 2452 ascendente
1060 2381 1107 2452 sit
1121 2381 1245 2452 Satur·

246 2503 336 2563 nus,
362 2479 537 2572 significat
557 2482 825 2574 primogenium
852 2484 908 2553 sin
933 2497 1051 2557 autem
1070 2484 1170 2554 Mars
1193 2483 1243 2554 ibi

245 2582 334 2669 erit,
360 2582 507 2678 reliquis
524 2596 678 2654 mortem
693 2585 864 2656 minatur.

350 2682 420 2755 Sed
433 2685 598 2777 planctae
613 2689 758 2756 datores
769 2688 936 2770 fratrum,
954 2686 985 2757 si
1001 2687 1099 2758 iuxta
1115 2689 1244 2760 mundi

246 2786 405 2880 positum
423 2788 514 2858 bene
527 2812 564 2858 se
579 2785 784 2872 habebunt:
814 2789 944 2859 fratres
967 2791 1106 2860 dabunt
1123 2793 1241 2860 forma

158 2893 161 2901 '
247 2902 284 2960 et
303 2889 417 2981 gloria
439 2903 679 2983 praestantes;
713 2903 858 2972 econtra
881 2914 988 2975 vero,
1019 2892 1184 2964 sordidos
1209 2905 1245 2973 et

248 2993 430 3066 obscuros.
482 2993 546 3064 Sin
562 3007 681 3064 autem
699 2994 881 3065 maleficae
902 2995 1025 3065 stellae
1050 3019 1157 3088 supra
1182 2998 1243 3066 da-

246 3096 353 3168 trices
369 3097 526 3166 elevatae
541 3097 693 3184 fuerint,
719 3111 782 3168 aut
803 3099 991 3168 succedent
1011 3097 1081 3185 eis,
1106 3100 1244 3170 dabunt

246 3223 323 3268 non
353 3199 554 3285 durabiles,
592 3199 771 3273 masculae
801 3199 897 3272 iuxta
926 3201 1084 3294 positum
1115 3202 1244 3272 mundi

245 3305 396 3387 fratres,
419 3304 573 3374 feminae
590 3329 675 3374 vero
701 3329 853 3374 sorores.
904 3301 956 3374 Ac
977 3303 1065 3374 sitae
1089 3303 1243 3389 mortu,

247 3405 449 3497 significant
465 3405 664 3497 prioribus;
683 3408 770 3476 sitae
786 3431 872 3475 vero
890 3405 929 3474 in
946 3429 1092 3490 occasu,
1110 3408 1244 3499 signifi-

249 3521 340 3578 cant*
352 3506 622 3602 posterioribus.
675 3507 864 3579 Praeterea
888 3509 919 3580 si
945 3509 1096 3580 datrices
1121 3510 1242 3581 stellae

247 3609 398 3707 feliciter
422 3610 600 3702 aspiciunt
620 3613 782 3704 signum,
824 3613 922 3706 quod
944 3611 1151 3682 dominatur
1172 3613 1243 3681 fra-

247 3713 382 3798 tribus,
415 3716 644 3784 concordiam
665 3717 817 3785 fratrum
840 3714 1024 3805 significat.
1091 3715 1155 3784 Sin
1180 3739 1243 3786 au-

247 3831 321 3888 tem
339 3817 505 3909 congruit
519 3840 598 3888 cum
615 3830 718 3912 parte
732 3817 918 3901 fortunae,
944 3817 1119 3908 significat
1133 3818 1243 3888 socie-

248 3934 358 3992 tatem
374 3922 597 3994 facultatum.
650 3921 719 4016 Sed
737 3921 767 3992 si
780 3919 888 3990 nullis
912 3921 1134 4014 adspectibus
1159 3946 1243 3991 con·

247 4023 391 4093 iunctae
419 4025 572 4111 fuerint,
607 4035 670 4095 aut
697 4023 904 4117 oppositae,
936 4022 1137 4116 significant
1160 4025 1242 4094 odia

246 4139 393 4210 mutua,
419 4129 695 4197 aemulationem
715 4141 750 4198 et
764 4127 1014 4198 universaliter
1025 4127 1184 4199 insidias.

352 4228 540 4300 Caeterum
560 4229 683 4324 siquis
699 4229 928 4321 particularia
949 4230 1124 4301 curiosius
1146 4253 1243 4301 scru-
1273 4233 1274 4236 ’

248 4329 319 4401 tari
333 4333 447 4416 volet,
463 4332 636 4402 datricem
650 4333 789 4420 stellam
805 4332 954 4412 collocet
970 4331 1007 4400 in
1025 4327 1242 4428 horoscopo,

245 4428 534 4520 factothemote,
560 4436 652 4506 utin
667 4433 798 4526 genesi.

519 4643 577 4754 De
591 4639 751 4710 mosculis
766 4649 800 4709 et
809 4635 965 4729 semellia.

351 4789 442 4862 Cum
470 4790 568 4862 iuxta
594 4791 756 4862 ordinem
780 4803 924 4862 nostrae
947 4785 1243 4862 considerationis

247 4891 387 4962 tradita
399 4893 472 4963 iam
496 4895 542 4966 sit
563 4893 726 4965 doctrina
754 4895 797 4966 de
822 4893 993 4964 fratribus
1016 4885 1253 4988 convenienti

286 5107 333 5176 18)
352 5120 389 5160 ex
411 5110 491 5174 signo
510 5109 593 5160 metit
617 5111 704 5173 coett]
722 5111 774 5166 Ed.
794 5109 871 5163 tbtt.
895 5121 929 5160 ex
949 5105 1031 5171 rtgno
1048 5110 1086 5162 tt.
1105 5105 1135 5159 G.
1161 5105 1243 5166 (Pto-

317 5181 383 5232 lem.
401 5171 457 5228 dno·
479 5177 530 5229 rori
545 5179 788 5246 μεσουρανοῦνιος
799 5175 1055 5243 δωδεκατημορίου,
1073 5175 1243 5240 nuncetiam

318 5250 355 5301 eb
372 5248 489 5312 Aegtdto
506 5247 658 5300 rosetum
676 5251 763 5309 [cont.
789 5258 875 5312 cupre
898 5261 924 5310 p.
942 5248 961 5298 t
978 5248 1037 5309 sm]
1060 5246 1244 5297 transteren-

315 5323 363 5370 tnr
378 5316 479 5370 ttsden
504 5317 615 5368 veruto:
640 5330 704 5382 „ex
727 5319 808 5384 stgno
832 5317 915 5368 nectit
939 5311 1045 5382 oocW',
1069 5315 1105 5365 ab
1122 5313 1243 5366 Autorto

316 5389 434 5453 eogere
455 5389 545 5448 [cont.
569 5396 656 5450 supro
678 5401 704 5450 p.
729 5385 748 5438 7
770 5387 829 5450 sm]
852 5389 944 5436 roten
970 5383 1026 5436 stc:
1053 5393 1115 5450 „ex
1140 5393 1173 5434 eo
1196 5383 1243 5447 qut

313 5457 388 5508 orelt
403 5457 524 5508 mettun
540 5459 656 5520 occupat
672 5455 803 5520 stgnttert
819 5449 932 5515 rosch.

1295 409 1331 466 et
1346 396 1503 474 naturali
1516 399 1646 483 modo,
1660 397 1838 494 reliquum
1852 399 1960 472 fucrit
1978 401 2093 474 ordiri
2107 427 2171 488 ea,
2191 423 2278 497 quae

1295 500 1462 570 accidunt
1485 499 1525 568 in
1546 500 1622 593 ipsa
1648 501 1889 592 generatione.
1954 504 2006 574 Ac
2029 505 2186 595 primum
2211 519 2278 574 trr-

1296 603 1379 672 dam
1397 603 1520 672 brevia
1538 618 1726 698 praecepta
1745 605 1789 674 de
1802 605 1969 676 masculis
1982 619 2018 676 et
2030 607 2183 680 feminis.

1397 705 1558 776 Sumitur
1575 719 1693 776 antem
1710 706 1882 778 iudicium
1899 731 1974 778 non
1989 711 2034 778 ab
2049 733 2120 780 una
2140 735 2198 792 re,
2219 709 2281 780 sed

1295 807 1341 876 ab
1369 821 1523 902 utroque
1551 808 1722 878 luminari
1745 823 1780 878 et
1804 810 1849 879 ab
1870 805 2093 903 horoscopo,
2120 825 2156 882 et
2177 811 2281 882 stellis

1293 905 1509 981 habentibus
1528 912 1776 1002 cognationem
1802 935 1882 981 cum
1903 907 2125 1007 horoscopo,
2150 913 2281 1006 praeci-
2338 979 2339 998 ,

1292 1035 1364 1105 pue
1379 1013 1416 1080 in
1433 1015 1545 1104 figura
1563 1028 1771 1106 conceptus3
1788 1014 1971 1088 obscurius
1985 1029 2104 1086 autem
2120 1015 2159 1086 in
2173 1017 2279 1108 figura

1294 1114 1379 1185 editi
1404 1128 1540 1208 partus.

1395 1214 1436 1287 ln
1465 1241 1604 1289 summa
1634 1241 1720 1286 vero
1757 1217 2019 1290 observandum
2053 1236 2124 1305 est,
2163 1234 2281 1292 utrum

1294 1320 1477 1410 praedicta
1508 1320 1577 1390 tria
1609 1320 1687 1388 loca
1720 1333 1755 1388 et
1778 1321 1899 1391 stellae
1919 1323 2191 1408 dominatrices‚
2221 1349 2284 1396 seu

1295 1421 1436 1515 plures,
1450 1447 1512 1494 seu
1528 1444 1671 1506 omnes,
1686 1421 1759 1492 sint
1772 1437 1901 1494 natura
1917 1427 2115 1510 masculae,
2139 1452 2185 1496 an
2199 1450 2281 1496 vcro

1293 1525 1481 1598 femineae.
1531 1523 1618 1596 lnde
1636 1523 1866 1595 iudicandum
1885 1541 1948 1600 cst.
2000 1527 2091 1600 Sunt
2104 1529 2197 1599 enim
2215 1529 2284 1600 dis·

1294 1630 1495 1722 cernendae
1514 1627 1655 1710 stellae,
1689 1630 1994 1721 quemadmodum
2019 1631 2058 1701 in
2073 1632 2200 1724 primis
2215 1633 2284 1702 ele·

1295 1731 1425 1802 mentis
1438 1725 1545 1802 huius
1561 1729 1648 1800 artis
1663 1727 1756 1814 dixi,
1782 1733 1956 1804 masculas
1972 1747 2033 1802 aut
2053 1735 2221 1806 femineas
2242 1759 2285 1806 ex

1295 1844 1425 1902 natura
1442 1833 1626 1925 signorum
1638 1885 1662 1930 ,Ι
1673 1845 1736 1902 aut
1751 1857 1792 1902 ex
1806 1834 2032 1926 planetarirm
2046 1851 2198 1921 natura,
2221 1850 2287 1906 aut

1296 1935 1473 2028 expositu
1489 1937 1674 2005 mundano
1689 1935 1850 2007 iudicari.

1397 2038 1491 2110 Nam
1513 2039 1551 2108 in
1567 2049 1650 2107 ortu
1666 2049 1749 2107 sunt
1765 2039 1960 2123 masculae,
1987 2039 2024 2109 in
2041 2063 2168 2110 occasu
2184 2038 2286 2109 femi-

1295 2163 1398 2212 neae.
1457 2141 1650 2213 Praeterea
1679 2163 1758 2210 eum
1791 2141 1911 2212 Solem
1942 2145 2174 2226 antecedunt,
2203 2153 2290 2213 sunt

1295 2245 1493 2325 masculae;
1521 2269 1600 2314 cum
1626 2254 1845 2335 sequnntur,
1875 2243 2050 2315 femineae
2071 2257 2166 2316 sunt.
2214 2246 2290 2316 Per

1295 2341 1549 2430 haecomnia,
1575 2344 1736 2414 facienda
1761 2359 1813 2418 est
1834 2347 2059 2433 coniectura,
2093 2371 2185 2442 quae
2205 2349 2290 2419 stel-

1295 2449 1351 2516 lae
1384 2449 1456 2518 vim
1485 2447 1717 2541 praecipuam
1747 2442 1905 2520 habeant
1936 2452 1982 2520 ad
2015 2451 2288 2544 significandum

1295 2575 1429 2622 sexum.

1642 2774 1706 2841 De
1728 2773 1928 2860 pemissio.

1396 2935 1549 3008 Etcum
1579 2950 1777 3040 nascuntur
1798 2941 1953 3032 gemini,
1985 2944 2210 3036 amplum,
2242 2946 2294 3014 ad

1296 3041 1449 3110 eundem
1470 3041 1620 3110 modum
1644 3039 1867 3112 observanda
1890 3057 1975 3116 sunt
1994 3048 2066 3116 duo
2088 3045 2226 3116 lumina
2254 3059 2295 3118 et

1295 3137 1529 3235 horoscopus.
1594 3141 1798 3215 Nascuntur
1832 3147 1927 3216 enim
1955 3149 2097 3241 plures,
2139 3160 2299 3242 propter

1297 3245 1588 3328 commixtiones,
1630 3269 1710 3315 cum
1744 3249 1883 3322 duobus
1905 3263 1968 3320 aut
1990 3251 2104 3322 tribus
2128 3251 2214 3322 locis
2235 3251 2297 3320 in-

1294 3347 1453 3440 signibus
1468 3360 1552 3419 sunt
1565 3347 1665 3438 signa
1684 3349 1915 3442 bicorporea;
1942 3365 1977 3422 et
1996 3341 2173 3439 rbax'ime,
2200 3379 2297 3450 quo-

1293 3452 1392 3521 niam
1409 3452 1574 3543 planetae
1590 3451 1835 3526 dominatores
1854 3457 2007 3528 eundem
2029 3457 2147 3527 locum
2171 3457 2298 3550 adspi-

1296 3554 1407 3637 ciunt,
1429 3567 1491 3624 aut
1506 3555 1579 3640 duo
1593 3565 1680 3622 sunt
1695 3553 1734 3623 in
1749 3557 1859 3648 signis
1875 3559 2109 3651 bicorporem,
2138 3571 2202 3629 aut
2215 3563 2297 3630 duo

1293 3655 1459 3749 pluresve
1488 3657 1653 3748 planetae
1685 3659 1868 3730 coniuncti
1892 3674 1986 3733 sunt.
2045 3661 2202 3755 Quando
2228 3687 2299 3732 au-

1294 3771 1366 3828 tem
1381 3759 1421 3829 in
1436 3759 1524 3829 locis
1539 3757 1737 3850 insignibus
1758 3773 1843 3832 sunt
1862 3763 2075 3855 bicorporea
2098 3765 2220 3856 signa,
2257 3779 2298 3836 et

1294 3845 1415 3954 pldres
1441 3861 1606 3953 planetae
1639 3884 1680 3930 ea
1715 3865 1936 3958 adspiciunt,
1972 3879 2058 3936 tunc
2091 3879 2301 3938 nascuntur

1294 3964 1403 4034 etiam
1419 3964 1540 4056 plures
1556 3965 1707 4035 duobus.
1757 3967 1810 4038 Ac
1825 3992 1996 4050 numerus
2012 3969 2157 4064 quidem
2180 3970 2302 4040 sumi-

1295 4079 1354 4144 tur
1371 4091 1390 4136 a
1407 4066 1552 4160 planeta
1567 4068 1797 4155 dominante,
1823 4072 1950 4140 collata
1969 4073 2112 4142 numeri
2134 4074 2301 4146 ratione.

1294 4169 1364 4240 Sed
1382 4195 1485 4242 sexus
1501 4169 1682 4240 iudicatur
1699 4195 1742 4239 ex
1756 4172 1909 4264 planetis
1924 4175 2145 4246 intuentibus
2153 4173 2304 4260 Solem,

1295 4286 1358 4344 aut
1379 4271 1541 4356 Lunam,
1567 4285 1631 4342 ant
1643 4267 1904 4368 horoscopum,
1941 4277 2003 4371 qui
2027 4279 2172 4372 qnando
2196 4301 2305 4348 rna&

1294 4375 1393 4446 culos
1409 4427 1422 4460 ,
1475 4377 1621 4469 quando
1650 4375 1800 4450 feminas
1830 4378 2053 4470 significent,
2101 4393 2207 4450 antea
2240 4379 2306 4448 di-

1294 4491 1391 4550 ctum
1406 4490 1471 4548 est.

1399 4595 1489 4668 Cum
1507 4597 1625 4668 autem
1649 4598 1730 4669 talis
1750 4599 1936 4692 dispositio
1961 4623 2036 4669 non
2060 4599 2227 4692 adiungit
2250 4605 2308 4671 ad

1294 4699 1431 4770 lumina
1450 4701 1632 4770 cardinem
1648 4696 1860 4794 horoscopi,
1887 4704 1967 4774 talis
1984 4703 2021 4771 in
2037 4701 2152 4773 mitre
2170 4702 2310 4794 dispo-

1294 4803 1376 4873 sitio
1404 4803 1617 4898 plerumque
1647 4803 1808 4895 geminos
1838 4805 2034 4876 autetiam
2063 4807 2185 4898 plures
2207 4829 2310 4896 pro-

1295 4919 1404 4976 creat.
1455 4908 1508 4978 Ac
1522 4907 1750 4999 peculiariter
1766 4919 1837 4977 tres
1851 4931 1987 4992 mares,
2014 4907 2130 5003 qualis
2152 4921 2208 4978 est
2223 4921 2314 4980 ter-

1295 5009 1522 5099 geminorum
1544 5011 1749 5100 generatio‚
1775 5010 1926 5102 gignunt
1941 5011 2047 5104 positi
2063 5011 2102 5081 in
2122 5011 2313 5104 bicorpo-

1294 5109 1385 5196 reis,
1417 5111 1457 5180 in
1473 5111 1561 5184 locis
1575 5111 1696 5196 dictis,
1728 5112 1924 5198 Saturnus,
1952 5111 2088 5206 Iupiter
2112 5127 2147 5183 et
2170 5113 2316 5198 Mam

1294 5225 1368 5286 tres
1379 5214 1559 5301 femellas,
1582 5215 1700 5310 qualis
1714 5227 1767 5288 est
1781 5213 1969 5288 Chariturn
1992 5217 2199 5309 generatio,
2232 5241 2316 5308 pa-

1293 5315 1395 5389 riunt
1420 5315 1563 5404 Venus,
1606 5315 1711 5390 Luna
1744 5331 1779 5388 et
1809 5319 2011 5393 Mamaos
2044 5319 2318 5402 effeminatusr

1295 5421 1386 5500 duos
1399 5443 1518 5500 mares
1530 5431 1691 5494 etonem
1704 5423 1906 5508 femellam,
1931 5421 2317 5518 qnalisfuitgenera·
