4600 5804
11 7 126 22 —-—

519 73 534 122 s

56 247 117 322 m
535 231 642 310 cxv.
693 183 1091 312 ursurnmluo
1120 233 1540 312 nuus1uun1rm1s.
1979 249 2052 349 m

54 413 94 492 55
113 415 200 488 ctos.
222 406 337 502 Atqui
350 401 412 479 lsie
421 404 562 484 moen
575 407 680 496 valde
695 407 857 484 celeriter
1118 405 1189 478 Sed
1206 407 1399 480 exercitum
1415 408 1606 504 tranquille
1621 409 1834 490 iuxtaarma
2093 371 2096 380 Ι

95 515 221 595 Venit,
249 534 394 606 'novum
434 508 606 604 φιίἀᾶαω
645 505 773 596 babet,
815 526 855 583 ut
894 507 1016 582 amicis
1119 507 1289 579 Dormire
1307 511 1466 584 sinamus
1481 536 1502 582 a
1518 513 1701 588 laboribus
1716 519 1867 602 bellicis;

435 612 589 686 nuntiet.
979 697 986 702 ,
1070 608 1143 686 125
1178 609 1454 704 Exploratorem
1486 640 1571 686 vero
1601 620 1645 687 ad
1672 616 1813 708 hostes,
1851 625 2053 720 quicunque

90 725 168 790 aen.
191 713 341 800 Hector,
364 739 474 810 quare
488 717 657 790 nocturni
672 717 711 786 in
726 721 881 787 exercitu
1479 719 1556 788 vult
1570 719 1635 802 ire,

91 817 214 912 Vigiles
230 814 277 888 ad
291 829 351 892 tua
371 817 500 892 cubilia
516 818 665 892 veniunt
682 844 763 894 curn
781 831 930 901 terrore,
1117 816 1334 890 Mitteudum
1353 841 1497 900 censeo;
1521 833 1557 890 et
1570 821 1601 891 si
1616 823 1788 898 solverint
1801 830 1884 922 fuga

88 921 129 992 Et
152 932 363 992 nocturnum
387 934 603 993 conventum
630 921 803 1007 excitant,
826 936 860 994 et
875 931 1014 1014 pertur-
1116 918 1271 1004 Euntes,
1295 919 1472 992 irruemus
1488 920 1527 992 in
1544 926 1755 1010 exercitum3

438 1026 525 1094 bant
539 1023 756 1097 exereitum?
1116 1021 1154 1091 si
1169 1035 1255 1094 'vero
1270 1022 1308 1092 in
1325 1025 1448 1094 dolum
1464 1030 1644 1119 quendam
1663 1029 1798 1100 ducunt
1812 1027 1851 1102 bi
1868 1031 1977 1124 ignes,

46 1127 87 1196 90
104 1129 193 1198 aaa.
214 1123 356 1208 Aenea,
377 1127 520 1200 munias
535 1129 644 1200 armis
659 1141 762 1200 tuum
779 1149 922 1218 corpus.
1117 1123 1296 1198 Certiores
1317 1127 1400 1196 facti
1426 1129 1470 1198 de
1487 1123 1644 1202 hostium
1667 1132 1806 1206 insidiis
1830 1136 1876 1205 ab
1893 1137 2055 1228 explora-

86 1233 165 1307 Aea.
188 1227 288 1322 Quid
302 1227 377 1300 est?
393 1253 481 1302 num
493 1231 574 1324 quis
589 1232 634 1300 ab
650 1227 812 1302 hostibus
826 1228 1013 1300 nuntiatur
1426 1313 1430 1320 ι
1480 1243 1571 1314 tore,

86 1329 192 1402 Dolus
209 1333 365 1406 occultus
382 1356 455 1407 esse
470 1357 535 1426 per
553 1334 720 1404 nortem?
1068 1330 1140 1402 130
1174 1329 1228 1402 De
1249 1331 1389 1426 integro
1416 1333 1709 1410 consultabimus.
1776 1339 1874 1412 Haec
1898 1351 1950 1412 est
1973 1361 2053 1413 men

85 1439 172 1506 licet.
192 1432 352 1526 Fugiunt
367 1435 516 1522 Graeci,
538 1449 573 1506 et
585 1437 830 1510 conscendunt
841 1458 961 1508 naves.
1473 1435 1660 1508 sententia.

85 1542 165 1608 aea.
212 1536 319 1630 Quod
359 1535 464 1614 buius
503 1539 557 1613 rei
588 1540 705 1612 dicere
738 1553 841 1634 potes
875 1550 1009 1610 certum

440 1641 607 1732 mgnum?
1439 1613 1485 1704 [S
1492 1619 1671 1712 tropica]
1694 1655 1698 1662 ·

44 1736 83 1810 95
103 1744 192 1812 Hert.
217 1741 445 1818 Succendunt
459 1768 525 1835 per
537 1757 651 1816 totam
666 1758 807 1816 noctem
823 1745 935 1834 ignes,
1115 1753 1213 1823 otor.
1240 1749 1337 1818 llaec
1351 1747 1515 1840 placent,
1539 1745 1627 1820 haec
1644 1765 1802 1826 mutatus
1818 1757 1961 1849 cogites.

81 1839 125 1912 Et
138 1838 226 1914 mibi
243 1845 412 1920 videntur
426 1870 501 1918 non
517 1871 665 1920 manere
679 1847 941 1930 incrastinum,
1114 1852 1197 1923 Non
1213 1875 1295 1922 amo
1310 1855 1441 1922 ducum
1456 1851 1590 1922 robora
1607 1857 1813 1930 temeraria.

81 1945 142 2014 Sed
159 1947 390 2020 incendentes
408 1949 507 2042 ignes
522 1949 560 2022 in
576 1963 788 2024 transtretas
802 1975 922 2033 naves,
1113 1954 1210 2048 Quid
1226 1967 1346 2024 autem
1364 1967 1417 2024 est
1432 1953 1561 2026 melius
1575 1981 1685 2050 quam

80 2045 169 2139 Fuga
186 2050 337 2122 domum
354 2054 399 2123 ab
413 2047 481 2124 hac
494 2055 638 2126 solvrmt
651 2067 758 2126 terra.
1114 2058 1274 2130 Celerem
1289 2057 1552 2152 exploratorem
1569 2057 1623 2129 ire
1640 2062 1685 2130 ad
1702 2083 1824 2144 naves,

80 2155 159 2221 Am·
185 2150 244 2223 Tu
263 2155 349 2248 quid
364 2156 523 2230 fficium
537 2180 654 2230 'mn
669 2155 842 2231 manum?
1066 2175 1138 2250 155
1161 2178 1320 2248 Curnam
1335 2173 1498 2248 hostibus
2204 2239 2208 2247 ,

44 2252 101 2322 100
121 2257 213 2329 Hert.
234 2254 338 2350 Ipsos
352 2259 526 2351 fugientes
540 2271 576 2330 et
590 2259 754 2332 salientes
771 2261 810 2328 in
824 2277 934 2330 naves
1112 2279 1213 2372 lgm
1228 2281 1274 2350 gg
1288 2281 1433 2350 navali„
1449 2280 1713 2352 incendamur?
2088 2277 2101 2328 t

79 2354 401 2446 Hastamlsehem,
427 2374 464 2432 el
481 2363 623 2434 instabo
640 2363 709 2434 illis
724 2363 854 2454 grams.
1073 2461 1076 2466 ¹
1111 2389 1207 2456 Hert.
1244 2381 1404 2467 Vincite,
1443 2383 1737 2477 quandoquidem
1764 2381 1930 2456 omnibus
1961 2381 2051 2456 haec

79 2455 192 2552 Turpe
230 2464 331 2536 enim
365 2461 471 2535 nobis
504 2476 539 2534 et
571 2477 713 2557 praeter
749 2461 1007 2556 turpitudinem
1473 2485 1625 2576 placent.
1692 2477 1696 2484 ’

429 2563 644 2638 'damnosum
660 2568 717 2650 sil,
1110 2588 1232 2672 Vade,
1263 2587 1406 2660 contine
1421 2589 1527 2658 duces
1541 2587 1740 2667 sociorum
1771 2587 1932 2659 celeriter
1952 2590 2048 2660 enim

77 2662 147 2734 Deo
165 2669 405 2750 concedente,
427 2664 546 2740 hostes
562 2671 695 2764 absque
709 2691 828 2761 pugna
1469 2690 1642 2762 exercitus

78 2765 286 2854 Dimittere,
309 2769 372 2864 qui
385 2794 454 2842 nos
470 2771 667 2844 affecerunt
680 2772 801 2842 multis
817 2769 932 2838 malis.
1110 2793 1250 2864 Movegj
1280 2803 1417 2883 posset,
1457 2791 1606 2862 audiens
1635 2791 1722 2864 5320,
1743 2806 1940 2866 nocturno,
1962 2819 2046 2866 con·

41 2866 97 2940 105
125 2877 210 2944 Aen.
233 2871 420 2970 „Utinam
443 2898 536 2946 esses
562 2888 636 2946 tam
657 2875 817 2968 sapiens,
839 2895 947 2965 quam
972 2891 1006 2938 es
1472 2917 1621 2984 gressus,

432 2991 757 3097 minu1³¹⁰¹ss¹lm¹⁸⁹
1062 3015 1133 3089 140
1158 3013 1234 3104 Ego
1251 3011 1391 3081 mittam
1408 3011 1671 3102 exploratorem
1686 3009 1858 3100 hostium,
1948 3047 1953 3058 ’

76 3075 232 3158 ”vesum
248 3101 331 3148 ¹¹⁰⁰
342 3101 454 3197 unus,
475 3079 539 3197 qui
554 3105 675 3155 ΜΨ
691 3081 791 3161 ‘idat’
1108 3117 1202 3188 Etsi
1218 3111 1375 3184 bostium
1394 3115 1496 3184 dolos
1517 3115 1773 3199 audiverimus,

76 3176 209 3259 ”Nalm
225 3193 302 3261 ⁰⁵²3
329 3181 433 3252 ‘ssim
448 3181 544 3254 ahud
559 3183 659 3254 adm
674 3206 817 3265 ‘numm’
1109 3220 1168 3291 Tu
1184 3217 1305 3288 omnia
1321 3215 1465 3299 audies,
1494 3229 1530 3284 et
1542 3240 1710 3308 praesens
1724 3217 1824 3288 scies.

75 3280 155 3361 »TV
169 3285 323 3378 quidem
338 3305 519 3376 Tubunis
541 3285 604 3358 alil
618 3288 708 3357 bene
724 3282 907 3356 “mule“
924 3303 1005 3373 ΡΨ
1108 3323 1147 3393 Si
1161 3334 1280 3392 autem
1296 3317 1469 3389 solverint
1486 3320 1532 3387 ad
1547 3321 1667 3411 fugam
1685 3321 1880 3404 tendentes,

434 3385 568 3484 ‘'uni‘'l·
1107 3425 1232 3496 Tubae
1249 3424 1452 3515 clangorem
1472 3433 1661 3514 expectans
1677 3423 1840 3505 observa,

36 3479 139 3654 113¹}
153 3489 309 3560 willens
324 3511 416 3579 lgm
432 3490 545 3574 Μεθ’
569 3491 652 3608 cre-d
653 3515 683 3560 ¹⁸
752 3593 762 3610 ·
1059 3541 1131 3618 145
1164 3543 1357 3637 Tanquam
1380 3567 1456 3612 non
1481 3565 1652 3612 mansuro
1677 3567 1753 3622 me;
1791 3541 1853 3611 sed
1879 3539 2044 3611 accedam

140 3613 250 3681 ogere
270 3591 446 3676 Graecos,
467 3605 502 3662 et
519 3604 712 3662 exercrtum
726 3617 780 3664 sus
795 3593 956 3672 educere,
1409 3693 1422 3707 „
1465 3644 1614 3713 navium

13 3807 17 3822 a
67 3685 266 3859 {tran-‘dens
280 3695 392 3812 sim„
406 3695 445 3764 in
460 3695 578 3768 media
595 3706 712 3812 ΜΨ
1105 3747 1217 3817 Sulcis
1232 3741 1299 3814 hac
1318 3757 1422 3813 nocte
1439 3746 1484 3813 ad
1499 3746 1673 3836 Argivum
1691 3745 1895 3815 exercitum.

111 3818 172 3886 qur
186 3809 370 3870 transiens
384 3821 509 3868 cavam
522 3797 803 3890 profunditatem
813 3795 1002 3874 fossarum,
1102 3857 1190 3922 Am·
1219 3847 1323 3918 Mitte
1351 3869 1458 3939 quam
1484 3846 1662 3938 primum
1703 3871 1799 3916 nunc
1823 3847 1918 3916 enim
1945 3859 2039 3916 recte

69 3889 192 3968 Sinon
206 3899 372 4019 invenies
387 3895 506 3972 hostes
521 3925 564 3970 er
579 3913 675 3970 terra
727 3998 769 4016 ..
1463 3947 1583 4018 sem-s·

67 3991 883 4092 ¹¹
1410 4071 1468 4116 me

67 4199 261 4294 Quomodo
279 4207 375 4276 enim
399 4208 565 4280 transibit
581 4208 752 4280 exercitus
770 4205 807 4272 in
830 4199 999 4293 fugiendo
1080 4190 1098 4223 “
1458 4151 1577 4224 suem

423 4310 550 4402 palos?

64 4401 108 4473 Et
122 4412 312 4502 quomodo
328 4435 392 4502 per
406 4426 534 4504 pontes
549 4413 751 4484 transibunt
769 4406 917 4502 equites,

63 4503 135 4576 Nisi
151 4513 331 4604 fregerint
345 4527 508 4588 rotarum
521 4515 628 4588 axes?

1100 4263 1196 4336 Hert.
1225 4253 1400 4352 Quisnam
1426 4253 1691 4340 Troianorum,
1714 4255 1777 4352 qui
1798 4257 1891 4328 adut
1910 4255 1948 4328 in
1970 4253 2040 4332 boc

1253 4356 1258 4374 '
1463 4357 1625 4443 consilio,

1052 4477 1126 4554 150
1145 4478 1234 4548 Vult
1249 4478 1455 4569 explorator
1471 4479 1517 4548 ad
1531 4502 1640 4551 naves
1654 4477 1876 4554 Graecorum
1896 4479 1975 4551 ire?

61 4607 216 4688 Vinceus
228 4640 317 4688 vero
327 4613 443 4688 adhue
459 4614 568 4688 habes
582 4619 801 4689 resistentem
810 4607 998 4692 Achillem,
1101 4582 1190 4675 Quis
1207 4581 1283 4652 Vnst
1297 4582 1340 4652 de
1358 4579 1475 4673 Patria
1491 4581 1754 4654 benemereti?

1100 4685 1190 4776 Quis
1205 4684 1417 4777 pollicetur?
1438 4709 1525 4754 num
1545 4687 1631 4781 quid
1648 4709 1793 4778 possum
1810 4706 1876 4773 ego
1892 4681 2013 4750 omnia

1097 4787 1242 4860 Patriae
1267 4801 1302 4860 et
1323 4788 1427 4862 sociis
1456 4787 1747 4872 subministrare,
1784 4784 1913 4880 quibus
1946 4807 2035 4878 opus

1464 4887 1540 4960 est?

1097 4997 1221 5068 Dolon.
1243 4991 1320 5084 Ego
1337 5017 1404 5084 pro
1422 4991 1538 5082 patria
1557 4987 1626 5064 hoc
1639 4988 1837 5086 periculum

1049 5109 1123 5185 155
1156 5111 1326 5194 Subiens,
1367 5109 1570 5200 speculator
1603 5110 1649 5178 ad
1675 5131 1785 5179 naves
1810 5105 2031 5178 Graecorum

16 5241 215 5268 ““-·--·
505 5227 514 5238 “
1454 5212 1537 5280 volo
1553 5211 1618 5296 ire,

1097 5317 1145 5389 Et
1160 5315 1281 5386 omnia
1299 5313 1519 5386 Graecorum
1538 5336 1755 5406 cognoscens
1772 5311 1933 5396 consilia,

1097 5419 1238 5492 Redibo
1254 5414 1341 5496 hue;
1361 5412 1457 5486 hunc
1471 5417 1630 5488 laborem
1648 5417 1684 5488 in
1700 5438 1757 5488 me
1772 5412 1919 5504 recipio.

23 4707 84 4784 120
105 4715 178 4810 Qui
192 4743 274 4792 non
287 4719 380 4792 sinet
390 4733 425 4790 te
439 4720 583 4790 iniicere
598 4721 717 4812 ignem
732 4718 896 4799 navibus,

58 4813 181 4913 Neque
199 4822 264 4894 ille
279 4823 330 4896 sic
343 4824 437 4894 sinet
452 4823 609 4894 Graecos
625 4845 770 4914 rapere,
799 4832 840 4892 ut
865 4831 904 4888 tu
926 4812 996 4886 cxi-

423 4925 558 5000 stimas.

57 5019 198 5097 Ardens
215 5026 316 5099 enim
333 5027 475 5116 vireat,
498 5041 533 5100 et
547 5027 705 5100 munitus
720 5047 841 5096 manu.

42 5389 71 5457 ⁹)
89 5396 122 5448 a.
142 5399 161 5448 1.
180 5397 210 5446 tn
229 5396 316 5448 noste
332 5398 422 5462 taba,
444 5397 519 5450 1562.
537 5401 603 5450 nota
620 5409 724 5462 narn:
743 5397 801 5447 Non
820 5393 910 5446 onnia
927 5403 995 5456 pos·
1018 5415 1021 5456 =

73 5474 167 5514 mnus
186 5477 294 5516 omnes.
1016 5457 1022 5521 l
