4570 5802
237 239 312 310 667

811 213 933 288 Pilia.
967 169 1080 292 uni.
1114 221 1315 332 semera
1352 223 1689 298 runuorocrca⁴
1774 177 1778 183 ’
1905 171 1909 178 ’
2095 249 2097 252 ·
2178 237 2235 308 ue

236 413 421 516 [Senem
445 397 691 476 Menelaus,
710 395 1020 481 apamenum,
1041 394 1230 489 chorus]
1282 399 1358 476 ³25
1383 405 1505 491 mam.
1531 399 1688 482 Auscis,
1716 399 2167 491 quaenondecettescire,
2195 434 2235 478 re-

286 555 369 624 Sea.
396 535 578 614 Menelae,
606 527 715 597 audes
732 526 885 609 atrocia,
913 552 1004 622 quae
1022 541 1056 598 te
1075 553 1150 597 non
1170 532 1230 601 de.

641 641 695 698 cet
713 627 895 724 sacereii).

288 756 385 828 Men.
412 744 557 833 Apage,
584 731 690 802 nimis
707 731 819 801 fidelis
837 757 872 801 cs
891 732 1058 802 dominis.
1114 756 1118 768 ·

165 831 170 838 ⁴
237 855 312 933 ³05
339 856 420 927 Seu.
447 843 646 912 Honestum
664 833 837 924 probrum
857 829 945 902 mihi
965 833 1170 926 exprobras.
1283 908 1290 916 ,

287 961 385 1033 Men.
420 941 604 1024 Plorabis,
644 935 674 1008 si
695 933 822 1022 iacies,
862 961 953 1030 quae
975 949 1009 1005 te
1033 959 1107 1004 non
1131 940 1231 1006 decet

648 1041 776 1108 lacere.

289 1171 371 1238 Seu.
397 1155 482 1228 Non
500 1156 642 1241 oportet
656 1154 690 1210 te
707 1139 845 1232 aperire
863 1139 1019 1224 litteras,
1054 1165 1142 1235 quas
1164 1163 1229 1232 ego

665 1245 753 1312 iero.

192 1326 196 1338 »
227 1378 229 1383 ’
289 1373 387 1442 Men.
418 1359 544 1452 Neque
578 1357 720 1441 oportet
747 1356 781 1412 te
813 1344 906 1414 ferre
937 1345 1031 1414 mala
1064 1343 1230 1414 omnibus

653 1445 811 1520 Graecis.

288 1580 371 1647 Seu.
398 1567 544 1636 Frustra
560 1547 849 1644 certasbaec³⁷),
876 1549 1038 1644 relinque
1061 1544 1150 1617 mibi
1177 1559 1228 1616 ta-

650 1654 785 1725 bulam.

239 1781 314 1854 ³10
341 1776 437 1847 Mea.
462 1764 547 1838 Non
570 1757 751 1851 reliquero
761 1751 821 1846 ³⁸).
904 1756 986 1825 Seu.
1014 1751 1139 1847 Neque
1165 1779 1230 1847 ego

651 1855 842 1928 dimittam.

289 1986 386 2056 Meu.
413 1971 494 2044 Cito
510 1962 706 2038 cruentabo
722 1970 828 2050 eaput
841 1971 942 2027 tuum
962 1971 1114 2054 sceptro.

288 2091 372 2158 Seu.
399 2065 469 2147 Sed
485 2069 679 2164 gloriosum
696 2074 748 2133 est
763 2061 857 2130 mori
871 2084 937 2153 pro
955 2060 1170 2156 domino⁸⁰).

291 2189 388 2260 Meu.
416 2176 577 2266 Dimitte,
602 2169 754 2242 existens
768 2188 891 2236 servus
909 2163 996 2234 dieis
1009 2165 1134 2256 longas
1150 2186 1231 2233 ora.

649 2270 777 2339 tiones.

290 2395 373 2464 Seu.
405 2382 440 2453 Ο
464 2378 630 2460 domine,
670 2368 802 2441 iniuria
826 2365 1020 2450 allicimur,
1056 2382 1134 2440 tuas
1158 2368 1231 2461 epi.

518 2486 522 2494 ’
650 2475 759 2546 stolas

240 2591 315 2669 315
343 2591 410 2663 lste
425 2586 569 2678 rapiens
583 2606 625 2652 ex
641 2579 730 2648 meis
746 2571 912 2645 manibus
928 2571 983 2656 vi,

287 2697 559 2787 Agarrremnon‚
585 2707 660 2754 non
678 2679 754 2749 vult
768 2675 821 2749 uti
837 2673 948 2782 iure..

292 2807 414 2891 Apum.
439 2789 525 2888 Eia,
552 2788 630 2883 quis
645 2781 818 2853 tumultus
836 2776 940 2846 estin
955 2775 1114 2862 foribus,
1141 2801 1232 2872 quae

655 2877 1093 2953 deformitasverborum?

292 3007 375 3075 Seu.
401 2996 503 3078 Mea,
530 3013 604 3061 non
618 2981 724 3058 huius
738 2985 832 3054 ratio
851 2992 903 3052 est
917 2980 1039 3072 potior
1056 2982 1164 3054 dictu.

291 3112 413 3196 Apum.
440 3092 697 3175 Tublenelae,
725 3083 979 3183 quare'venisti
995 3109 1075 3155 cum
1102 3085 1170 3156 isto
1194 3084 1234 3155 in

211 3185 218 3198 ¹
592 3193 880 3271 contentionem,
908 3197 943 3255 et
959 3188 1057 3260 ducis
1073 3213 1156 3259 eum
1171 3186 1234 3258 vi?

243 3314 318 3386 320
343 3313 441 3383 Men.
473 3297 623 3390 Respice
650 3299 694 3366 ad
715 3320 800 3376 nos,
832 3303 873 3360 ut
894 3285 979 3358 binc
1002 3313 1141 3361 sumam
1166 3291 1234 3360 ini.

652 3399 741 3468 tium
759 3391 944 3464 orationis.

292 3521 416 3602 Αραηι.
445 3507 543 3581 Num
575 3503 705 3572 timens
735 3521 810 3566 non
843 3493 1002 3586 aperiam
1033 3493 1235 3585 palpebras,

651 3613 757 3672 natus
774 3624 817 3668 ex
829 3593 965 3665 Atreo?

293 3721 391 3791 Meu.
425 3711 534 3782 Vides
555 3705 650 3778 banc
674 3702 855 3783 tabulam,
894 3696 1096 3767 ministram
1126 3697 1235 3788 pessi.

656 3830 796 3877 marum
813 3798 1041 3873 litterarum?

290 3931 412 4014 Apum.
438 3917 572 4000 Video,
607 3924 642 3983 et
666 3909 825 4003 primum
848 3903 960 3974 abiice
981 3899 1074 3972 hanc
1099 3926 1141 3972 ex
1166 3901 1237 3972 tuis

649 4013 827 4084 manibus.

293 4129 391 4199 Men.
407 4124 503 4206 Non,
519 4120 728 4214 priusquam
746 4112 934 4186 ostendero
952 4103 1239 4178 omnibusGrae·

653 4219 701 4290 cis
718 4217 887 4307 inscripta
896 4209 956 4304 ⁴⁰).

244 4397 449 4413 ,ι--ο-ο-ᾷ

279 4491 327 4554 36)
347 4485 452 4555 iacere]
472 4479 719 4543 claudicasse,
739 4476 832 4539 1562.)
856 4472 939 4525 iiiiii.
955 4472 1058 4521 recent.
1078 4470 1239 4534 (=1iurip.

313 4557 435 4625 τολμᾶν)
456 4555 566 4607 audere.

278 4664 327 4723 ³7)
344 4661 465 4714 Frustra
483 4657 577 4706 certas
596 4651 680 4711 baec]
699 4649 741 4699 sic
759 4647 841 4701 reite.
860 4643 954 4707 1558„
973 4641 1066 4724 156253
1090 4641 1175 4692 liciti.
1193 4655 1253 4724 req

312 4733 399 4782 cent:
420 4729 499 4778 Aiias
519 4726 657 4786 [iiusgr.,
682 4719 759 4769 Pin:
786 4713 949 4772 cum'aiiis]
968 4712 1002 4762 de
1019 4713 1063 4760 ius
1081 4712 1240 4762 contendito

252 4815 260 4836 ⁸
314 4799 423 4867 (Eurip.
440 4797 491 4850 iti.
505 4793 590 4844 Basti.
606 4791 682 4841 itii.
694 4783 799 4867 'dilue
816 4777 919 4867 ciprii&
938 4774 1031 4862 κεῖτ’,
1052 4780 1146 4859 lietu,
1162 4783 1242 4830 Mus.

313 4879 413 4938 grum:
436 4861 540 4921 'Atreu
557 4857 665 4930 ἁμιλλῶ
682 4872 706 4912 r.
715 4891 725 4918 ,
744 4855 822 4906 iiix:
842 4848 947 4906 Alione
964 4846 1071 4940 quello
1090 4851 1138 4908 τ.)

280 4972 329 5037 38)
347 4969 501 5032 reliquero]
527 4964 568 5015 sic
594 4961 677 5012 uuirt.
692 4958 786 5023 itta,
812 4953 905 5019 1662.)
940 4951 1025 5002 nuru
1044 4955 1163 5001 recent:
1195 4961 1242 4999 re·

315 5041 446 5102 linquam.

280 5145 330 5202 89)
350 5138 472 5198 domiuo]
491 5130 730 5193 sicutissime,
749 5127 841 5190 iactu
859 5123 946 5176 irrita
964 5125 1068 5176 recent.
1088 5125 1138 5182 (=
1150 5120 1243 5184 Eurip.

318 5203 476 5270 δεσποτῶν)
495 5203 620 5255 dominis.

283 5311 332 5379 eo)
353 5301 499 5370 inscripta]
520 5303 561 5353 sic
578 5297 681 5362 scripsi
705 5300 754 5356 (ιε-
771 5293 865 5376 Eur-ip.
884 5284 1135 5372 τάγγεγραμμένα,
1160 5290 1244 5341 ruiti.

316 5380 435 5431 recent:
468 5383 539 5437 quac
561 5369 591 5419 in
615 5381 650 5420 ea
673 5369 742 5419 sunt
765 5359 902 5424 scriptc);
938 5361 1022 5414 iidrtt.
1045 5361 1137 5424 tacu,
1170 5360 1247 5410 1562.

320 5449 409 5500 meles
435 5441 580 5504 inscripto.

1693 501 1811 568 laxato
1828 501 1969 589 sigillo?

1334 607 1431 676 Men.
1457 603 1612 695 Aperui,
1645 615 1685 673 ut
1699 614 1737 670 iu
1755 604 1896 686 doleas,
1931 627 2022 696 quae
2046 607 2148 678 iecisti
2166 614 2237 678 maia
2273 629 2274 678 1

1691 705 1795 775 clam.
2273 743 2274 778 i

1332 814 1452 899 Apum.
1479 807 1550 878 Ubi
1567 807 1733 900 accepisti
1742 805 1816 900 ⁴¹)?
1841 807 2011 898 onitu),
2037 823 2132 880 tuom
2149 813 2239 905 impu·
2273 809 2274 892 l

1701 912 1843 979 dentem
1866 913 2043 980 animum!
2273 907 2274 996 l

1334 1015 1430 1084 Men.
1462 1011 1662 1103 Expectans
1683 1023 1782 1082 tuam
1802 1013 1933 1096 liliam,
1974 1037 2020 1082 an
2050 1038 2090 1084 ex
2110 1014 2239 1106 Argius
2273 1033 2274 1116 i

1693 1115 1815 1184 veniat
1831 1117 1875 1186 ad
1892 1116 2094 1188 exereitum.
2273 1125 2274 1138 ¹

1333 1221 1452 1308 Apum
1478 1215 1601 1309 Quare
1617 1227 1655 1286 tu
1669 1241 1749 1286 mea
1767 1218 1958 1290 observas?
1984 1243 2058 1288 non
2078 1231 2155 1290 sunt
2173 1213 2240 1286 haee
2273 1181 2274 1270 l

1691 1319 1934 1411 impudentis?

1283 1420 1359 1492 830
1385 1423 1482 1493 Meu.
1508 1418 1604 1514 Quia
1628 1421 1794 1492 voluntas
1818 1447 1876 1492 me
1901 1423 2106 1507 vellicabat,
2136 1435 2167 1492 et
2185 1445 2239 1491 non

1694 1547 1792 1594 eram
1807 1538 1889 1596 tuus
1910 1551 2044 1598 servus.

1331 1629 1455 1716 Apum.
1488 1625 1570 1696 Non
1595 1637 1678 1698 sunt
1700 1627 1767 1697 ista
1793 1628 1948 1714 atrocia,
1988 1653 2063 1698 non
2093 1627 2181 1698 siner
2200 1653 2240 1697 re-

1690 1753 1772 1821 gere
1789 1755 1905 1801 meam
1923 1730 2094 1802 domum?

1332 1831 1430 1900 Mea.
1457 1829 1515 1899 Tu
1531 1831 1640 1902 sentis
1655 1831 1914 1918 inconstantia,
1940 1836 2012 1906 iam
2033 1833 2102 1917 sic,

1333 1931 1473 2002 Deinde
1491 1933 1611 2018 aliter,
1637 1958 1721 2004 mox
1738 1959 1861 2007 rursus
1877 1937 1939 2008 sie.

1332 2039 1450 2124 Apum.
1476 2033 1523 2105 Es
1545 2049 1708 2128 argutum
1743 2038 1864 2130 lingua
1888 2053 2014 2130 arguta
2036 2051 2087 2109 est
2107 2036 2239 2107 odiosum

1694 2141 1841 2212 malum.

1334 2239 1431 2309 Men.
1459 2236 1667 2311 inconstans
1683 2242 1824 2314 animus
1839 2256 1889 2313 est
1908 2240 2039 2313 iniusta
2056 2267 2120 2326 res,
2145 2254 2174 2310 et
2187 2261 2239 2306 non

1691 2346 1878 2437 perspicua
1901 2344 2037 2416 amieis.

1283 2436 1358 2510 335
1383 2439 1476 2513 Volo
1494 2457 1610 2514 tecum
1624 2449 1867 2540 expostulare,
1895 2459 1929 2516 et
1945 2461 1986 2517 tu
2004 2473 2078 2517 non
2095 2467 2171 2539 prae
2184 2442 2224 2508 ira

1334 2546 1511 2617 Aversare
1528 2572 1665 2620 verum.
1718 2550 1801 2623 Non
1820 2550 1922 2618 valde
1938 2550 2049 2621 lando
2065 2564 2109 2620 te.

1334 2646 1422 2731 Scis,
1448 2653 1593 2742 quando
1610 2653 1777 2745 cupiebas
1791 2652 1934 2746 praefici
1944 2653 2090 2724 Graecis
2105 2645 2240 2721 adllium
2273 2689 2274 2758 q

1333 2749 1417 2821 Non
1432 2763 1556 2842 petens
1572 2753 1796 2846 inspeciem,
1823 2759 1883 2826 sed
1902 2755 2026 2829 volens
2041 2781 2079 2825 re
2095 2755 2179 2845 ipsa,
2273 2767 2274 2840 l

1335 2851 1453 2945 Quam
1470 2879 1549 2926 eras
1566 2852 1723 2943 humilis,
1746 2882 1890 2926 omnem
1907 2859 2070 2930 dextram
2088 2855 2241 2941 attingens

1284 2951 1359 3026 840
1384 2953 1432 3026 Et
1445 2953 1579 3030 habens
1597 2958 1723 3032 ianuas
1738 2984 1812 3029 non
1833 2961 1970 3030 clausas
1991 2959 2123 3032 volenti
2142 2979 2177 3024 ex
2196 2972 2241 3041 po·

1694 3064 1799 3155 polo,
1858 3069 1864 3084 '
1912 3115 1916 3122 .

1334 3157 1382 3230 Et
1404 3161 1495 3234 dans
1519 3165 1717 3260 alloquium
1745 3165 1871 3236 ordine
1896 3165 2083 3247 omnibus,
2115 3160 2205 3231 etiam
2222 3151 2242 3220 si

1698 3268 1777 3363 quis
1789 3294 1865 3339 non
1880 3270 2044 3351 volebat,

1335 3363 1498 3438 Moribus
1513 3392 1688 3461 quaerens
1704 3370 1896 3462 imperinm
1912 3396 1931 3440 a
1946 3373 2055 3466 vulgo
2069 3364 2228 3437 redimere.

1335 3464 1475 3538 Deinde
1500 3481 1690 3565 postquam
1714 3475 1849 3565 potitus
1872 3499 1908 3545 es
1931 3473 2103 3567 imperio,
2132 3478 2242 3534 mutans
2273 3519 2274 3568 3

1705 3601 1844 3660 mores,

1336 3670 1470 3743 Amicis
1485 3697 1561 3743 non
1577 3678 1729 3768 amplius
1743 3679 1854 3763 fuisti,
1879 3678 1971 3749 sieut
1988 3693 2081 3760 ante,
2107 3671 2228 3744 amicus,

1288 3769 1363 3845 346
1390 3773 1551 3849 Difficilis
1566 3777 1604 3848 in
1624 3803 1808 3874 aggressu,
1835 3793 1988 3853 etratus
2004 3784 2095 3851 intra
2113 3777 2242 3844 claustra.

1340 3877 1481 3971 „Atqui
1498 3905 1573 3950 non
1589 3887 1757 3955 convenit
1773 3886 1891 3956 virum
2272 3877 2274 4000 l

1340 3980 1635 4069 „Praestantem,
1661 3988 1700 4057 in
1718 3988 1871 4080 imperio

1340 4081 1513 4168 „Mutare
1530 4089 1723 4186 mores⁴⁴);
2273 4111 2274 4182 i

1341 4185 1441 4269 „Sed
1458 4199 1542 4258 tunc
1555 4191 1708 4262 maxime
1724 4193 1866 4262 firmum
1887 4214 1959 4261 esse
1976 4187 2114 4266 amicis,
2273 4193 2274 4270 l

1342 4287 1528 4382 „Quando
1559 4294 1634 4385 ipse
1664 4297 1868 4366 fortunatus
1898 4292 2054 4362 maxime
2082 4292 2246 4380 potestats

1698 4421 1835 4468 iuvare.

1341 4490 1439 4561 Haec
1454 4493 1520 4561 tibi
1540 4495 1694 4585 primum
1711 4499 1920 4594 obiicio⁴³),
1946 4497 2009 4567 ubi
2024 4509 2058 4564 te

1326 4743 1374 4799 41)
1391 4737 1558 4806 receptorii]
1570 4744 1612 4794 sic
1624 4745 1709 4797 ruiti.
1723 4747 1810 4814 tuiis,
1828 4745 1922 4810 Μ.)
1940 4745 2024 4794 iiditt.
2043 4739 2138 4794 recem.
2151 4741 2189 4798 (ι.-
2200 4724 2246 4778 tert
2273 4767 2274 4800 ,

1361 4811 1419 4876 gr.)
1437 4813 1488 4862 ires
1507 4811 1600 4876 [Fine
1626 4813 1710 4883 istas]
1730 4819 1849 4868 litterae
1866 4807 1988 4878 capistri

1327 4913 1375 4979 ⁴²)
1394 4915 1482 4975 onii]
1502 4915 1543 4965 stc
1556 4913 1709 4982 (=1rurrp.
1729 4905 1839 4983 daret)
1853 4919 1955 4980 earn,
1972 4913 2093 4980 ηιμ
2115 4909 2182 4960 ru:
2197 4894 2247 4952 eut

1329 5041 1332 5050 ,
1363 4984 1415 5047 err,
1440 4984 1524 5034 uuit.
1545 4986 1635 5054 rasa,
1656 4987 1732 5039 raca.
1755 4987 1808 5037 ner.
2273 4999 2274 5008 κ

1328 5085 1377 5153 rs)
1393 5085 1493 5152 Argis]
1511 5087 1553 5138 ue
1565 5089 1648 5139 rasti.
1665 5091 1786 5154 ruens,
1810 5089 1894 5140 naut.
1909 5089 2000 5150 rem,
2020 5085 2091 5138 raca.
2109 5081 2201 5144 uec*
2273 5061 2274 5154 ῗ

1329 5183 1383 5253 44)
1396 5189 1430 5240 ii.
1447 5189 1466 5242 1.
1488 5189 1518 5240 in
1544 5191 1735 5259 dormitis„
1769 5191 1844 5243 ¹568.
1871 5195 1937 5242 notu
1959 5199 2065 5252 recep:
2099 5185 2136 5236 oa
2160 5177 2274 5228 terreni¹

1365 5269 1419 5307 noo
1438 5269 1504 5309 crac
1521 5261 1667 5310 muwndoe
1685 5271 1787 5312 morea.

1331 5357 1379 5424 rs)
1397 5359 1494 5411 orricio
1514 5397 1520 5411 .
1540 5398 1546 5411 .
1566 5401 1573 5415 .
1591 5361 1717 5422 invenio]
1737 5362 1878 5414 ssereret.
1898 5361 1985 5422 issa,
2005 5345 2094 5418 ibera
2111 5355 2190 5408 earn,
2205 5338 2246 5390 ¹5¹·

1368 5425 1415 5492 (ιτ
1432 5431 1502 5480 text.
1520 5436 1578 5496 gr.)
1595 5433 1707 5483 obieci.
1728 5471 1734 5483 .
1755 5467 1761 5480 .
1780 5431 1883 5485 iuveni.
