4600 5804
217 217 291 292 899
418 207 428 234 “
796 201 919 276 PlilL.
956 203 1069 277 MEL.
1100 203 1303 277 matera
1330 201 1665 277 PHILOLOGICA.
2181 209 2245 282 900

215 387 291 462 540
316 388 384 460 Sil.
409 381 457 453 Et
472 383 518 450 ad
532 391 669 450 aestum
685 376 770 448 solis
787 372 977 468 pulchrum
999 390 1051 448 est
1066 377 1210 464 bibere,
1314 375 1352 448 Si
1365 375 1554 470 reliqueris
1569 375 1727 469 aliquid,
1755 375 1923 445 arefaciet
1940 386 1975 446 te
1989 375 2165 453 Bacchus.

268 487 466 560 Accurnbas
484 480 554 554 huc
571 504 709 576 ponens
725 480 838 548 latera
855 479 893 548 in
912 493 1020 552 terra.
1316 481 1407 571 cycl.
1432 475 1493 563 lu,
1521 479 1578 560 iu,

271 594 360 685 Gyri.
387 589 479 658 Ecce
496 609 606 682 quare
623 597 797 654 craterem
814 595 896 674 post
911 607 967 651 me
983 581 1114 674 ponis?
1315 582 1366 652 Ut
1381 581 1552 650 inclinavi
1565 577 1643 662 vix,
1670 602 1767 648 mera
1786 591 1839 649 est
1852 583 1987 672 gratia,

269 697 337 768 Sil.
370 693 424 766 Ne
448 713 617 785 praesens
641 685 771 778 aliquis
795 681 1052 776 apprehendat
1125 688 1216 779 Gycl.
1317 683 1465 755 Coelum
1480 679 1571 753 mihi
1587 681 1736 752 mixtum
1756 681 1900 752 videtur

490 817 493 825 ·
630 788 759 857 Bibere
779 787 888 878 igitur
1266 783 1342 858 575
1369 787 1524 870 Terrae,
1551 783 1638 858 ferri
1653 781 1749 855 lovis
1764 780 1937 856 thronum

269 899 478 972 Clanculum
497 908 537 965 tu
553 893 621 972 vis;
649 914 763 985 ponas
779 889 896 982 ipsum
915 890 952 960 in
970 891 1139 986 medium.
1317 889 1454 974 Video,
1481 901 1516 959 et
1532 887 1652 958 omnia
1670 886 1833 959 numina.
1908 899 1911 904 ’

221 1000 297 1078 545
322 1003 380 1072 Tu
397 1022 502 1080 vero,
529 993 678 1088 hospes,
713 992 769 1062 dic
790 1017 942 1078 nomen,
977 997 1216 1089 quomodote
1317 993 1401 1066 Non
1415 993 1523 1062 velim
1541 989 1714 1073 osculari,
1738 991 1768 1060 si
1786 986 1948 1062 Charites
1964 991 2063 1084 ipsae
2078 1017 2135 1064 me
2154 1017 2255 1086 ,oscu-

631 1107 775 1188 oportet
797 1095 944 1166 vocari?
1678 1093 1747 1161 lari
1766 1107 2004 1175 conarentur;

277 1211 385 1301 Ulyee.
412 1201 620 1282 Neminem
648 1199 784 1294 aliquid
799 1199 961 1270 beneficii
983 1199 1161 1293 accipiens
1183 1214 1217 1269 tc
1320 1199 1531 1293 Quiescam,
1556 1208 1744 1268 contentus
1760 1192 1829 1266 hoc
1845 1197 2076 1290 Ganymede,

634 1302 842 1373 laudavero.
1317 1303 1548 1386 Rectissime,
1574 1299 1805 1393 perGratias.
1856 1299 2024 1370 Delector
2037 1312 2156 1370 autem
2175 1327 2257 1394 quo·

276 1413 365 1504 cycl.
392 1408 479 1478 Post
493 1430 617 1477 omnes
632 1404 748 1478 socios
764 1417 797 1475 te
816 1405 1000 1498 epulabor.
1683 1404 1767 1470 dam
1782 1405 1893 1474 modo

278 1517 387 1605 Ulyee.
412 1510 604 1602 Egregium
620 1533 751 1580 munus
765 1503 898 1600 hospiti
913 1509 996 1590 das,
1023 1507 1187 1602 Cyclops.
1269 1505 1346 1579 500
1371 1506 1447 1576 Hac
1462 1531 1501 1576 re
1517 1505 1631 1597 magis
1644 1529 1753 1600 quam
1770 1505 1991 1576 mulieribus.

273 1619 362 1709 Gyri.
389 1615 482 1706 Age,
508 1613 595 1707 quid
611 1610 710 1701 agis?
737 1610 861 1680 vinum
877 1609 988 1682 ebibis
1007 1611 1123 1680 clam?
1320 1611 1388 1684 Sil.
1413 1608 1490 1702 Ego
1510 1608 1605 1680 enim
1622 1633 1699 1681 sum
1714 1605 1810 1679 lovis
1828 1609 2074 1703 Ganymedes,
2101 1608 2257 1702 Cyclops.

225 1715 300 1791 550
324 1719 391 1792 Sil.
425 1717 526 1800 Non,
565 1716 625 1786 sed
649 1736 706 1781 me
726 1711 785 1781 ille
809 1715 986 1785 osculatus
1011 1726 1081 1798 est,
1121 1715 1245 1807 quod.
1321 1715 1411 1803 cycl.
1438 1709 1490 1782 lta
1516 1737 1579 1805 per
1602 1709 1745 1794 lovem,
1777 1737 1883 1806 quem
1911 1737 1977 1804 ego
1999 1713 2104 1803 rapio
2130 1737 2149 1780 a
2173 1711 2257 1780 Dar·

635 1827 709 1884 tam
724 1817 902 1886 formosus
919 1841 1010 1888 sum.
1680 1816 1789 1886 dano.

275 1925 364 2016 cycl.
379 1919 555 2000 Plumbia,
572 1940 696 1988 amans
709 1917 846 2001 vinnm,
861 1921 959 2014 quod
972 1942 1047 1988 non
1060 1931 1159 1988 amat
1172 1932 1217 1989 te.
1320 1919 1387 1990 Sil.
1414 1916 1532 2001 Perii,
1559 1941 1581 1986 o
1598 1915 1681 2000 lilii,
1708 1915 1819 2009 impia
1839 1917 1956 2010 patiar
1971 1917 2078 1988 mala.

275 2028 343 2100 Sil.
369 2024 452 2096 Non
478 2044 542 2115 per
559 2017 702 2103 lovem,
737 2021 878 2113 quiete
902 2020 989 2091 dicis
1014 2045 1135 2092 amare
1160 2046 1217 2090 rne
1319 2023 1418 2094 cto.
1450 2015 1699 2112 Reprehendis
1731 2032 1948 2104 amatorem,
1989 2033 2025 2090 et
2059 2022 2097 2090 in
2130 2021 2256 2092 deliciis

639 2117 841 2214 pulchrum.
861 2182 865 2188 ,
1676 2133 1814 2214 potum.

276 2233 366 2322 Gyci.
393 2226 543 2298 Inlunde
559 2225 704 2319 plenum
720 2226 910 2317 poculum,
936 2229 980 2296 da
998 2239 1149 2298 tantum.
1269 2219 1344 2295 585
1369 2227 1437 2297 Sil.
1469 2224 1549 2295 Heu
1571 2225 1838 2296 acerbissimum
1870 2247 2037 2294 somnum
2055 2227 2104 2324 ²¹)
2136 2228 2254 2296 ridebo

273 2336 341 2406 Sil.
375 2331 569 2425 Quomodo
595 2339 647 2400 est
668 2340 926 2420 temperatum,
967 2329 1043 2399 sine
1067 2354 1217 2422 praegn·
1675 2327 1759 2398 cito.
1842 2325 1845 2334 ’

637 2442 740 2501 stem.
1322 2433 1434 2520 Ulycs.
1459 2431 1584 2522 Agite,
1601 2429 1739 2524 Satyri,
1765 2431 1928 2522 generosi
1943 2428 2021 2512 lilii,

224 2532 300 2610 555
328 2539 418 2630 Gyri.
445 2533 605 2616 Peribis,
632 2533 677 2602 da
694 2533 756 2603 sic.
805 2534 874 2605 Sil.
901 2532 984 2604 Non
1003 2557 1067 2626 per
1082 2531 1215 2618 lovem,
1318 2525 1418 2607 lntu‘s
1435 2545 1487 2606 est
1503 2533 1558 2602 vir
1576 2557 1704 2604 somno
1722 2534 1879 2616 solutus,

631 2635 841 2728 priusquam
861 2647 894 2704 te
1239 2637 1245 2752 Ι
1319 2635 1399 2706 Cito
1418 2660 1459 2706 ex
1475 2637 1575 2708 tetris
1589 2635 1749 2707 faucibus
1765 2635 1882 2706 eiiciet
1898 2657 2041 2716 carnes,

272 2743 455 2813 Coronam
471 2739 595 2809 videro
612 2738 865 2829 accipientem,
893 2736 1043 2828 gustabo
1062 2733 1189 2810 adhuc.
1318 2737 1365 2807 Et
1378 2739 1486 2809 torris
1502 2740 1540 2807 in
1556 2738 1636 2808 aula
1655 2740 1788 2822 fumat,

275 2845 365 2936 cycl.
388 2843 422 2912 0
441 2839 651 2935 pincernam
669 2840 853 2930 iniustum.
1267 2835 1342 2911 590
1367 2840 1414 2910 Et
1427 2856 1574 2935 paratus
1590 2853 1657 2912 est:
1684 2836 1776 2910 nihil
1792 2851 1902 2910 restat
1917 2860 2027 2933 quam
2045 2836 2229 2906 incendere

270 2949 338 3020 Sil.
365 2945 449 3018 Non
462 2969 526 3036 per
539 2940 682 3026 lovem,
707 2944 768 3012 sed
786 2942 910 3012 vinum
926 2953 979 3012 est
995 2941 1113 3021 dulce;
1316 2943 1481 3038 Cyclopis
1497 2945 1656 3027 oculum;
1683 2946 1744 3015 sed
1760 2943 1862 3028 vide,
1887 2953 1931 3012 ut
1940 2941 1997 3008 vir
2011 2940 2070 3010 sis.

271 3048 494 3142 Despumare
515 3061 548 3116 te
567 3045 693 3128 debes,
720 3057 760 3114 ut
776 3044 928 3137 accipias
942 3043 1077 3116 bibere.
1317 3051 1416 3120 Ultor.
1441 3049 1524 3118 Saxi
1538 3048 1700 3117 animum
1717 3059 1753 3117 et
1770 3044 1971 3115 adamantis
1987 3039 2171 3111 habemus.

270 3155 359 3245 Gyri.
385 3151 476 3222 Ecce
491 3150 590 3222 labra
607 3159 691 3218 sunt
705 3171 795 3240 pura
810 3160 846 3218 et
859 3148 970 3218 barba
985 3142 1087 3218 mihi.
1315 3145 1504 3242 Ingredere
1521 3153 1688 3234 domum,
1714 3150 1922 3244 priusquam
1938 3159 2040 3239 pater
2058 3143 2146 3215 sciat

220 3253 297 3328 560
321 3258 389 3329 Sil.
415 3255 536 3326 Ponas
551 3251 710 3324 cubitum
728 3262 842 3336 recte,
869 3250 998 3321 deinde
1015 3249 1110 3332 bibe,
1314 3251 1604 3338 Liberationem,
1629 3265 1670 3323 ut
1683 3252 1750 3322 tibi
1764 3252 1860 3322 intus
1877 3249 1996 3320 omnia
2014 3259 2141 3340 parata
2155 3243 2229 3315 sint

269 3358 367 3426 Sicut
383 3357 482 3428 vides
498 3381 555 3426 me
570 3355 751 3425 bibentem
770 3364 805 3421 et
820 3354 911 3423 sicut
930 3377 1005 3422 non
1022 3351 1147 3446 meffl).
1264 3352 1339 3427 595
1369 3359 1479 3447 Ulyee.
1506 3355 1684 3439 Vulcano,
1712 3379 1775 3424 rex
1789 3353 1967 3436 Aetnaeo,
1993 3349 2114 3420 vicino
2132 3347 2245 3534 mli.)

270 3461 360 3550 cycl.
386 3454 444 3527 Ah
462 3455 520 3542 ah,
536 3457 622 3552 qnid
636 3453 748 3524 facis?
788 3458 855 3526 Sil.
883 3455 1047 3525 Suaviter
1065 3449 1211 3524 exhausi
1312 3457 1488 3530 Lucidum
1506 3459 1580 3530 cius
1596 3459 1823 3528 inflammans
1841 3457 2004 3538 oculum,
2038 3453 2151 3522 libera
2169 3462 2200 3517 te

211 3555 215 3562 ’
629 3554 866 3647 nnoimpetu.
1517 3615 1518 3620 1
1669 3560 1800 3644 semel,

221 3659 225 3670 ¹
268 3663 358 3753 Gycl.
395 3659 600 3754 Accipiens,
632 3654 781 3750 hospes,
816 3658 892 3751 ipse
916 3657 1086 3750 pincerna
1110 3681 1209 3730 meus
1312 3662 1359 3732 Et
1375 3677 1434 3749 tu,
1459 3665 1620 3756 onigrae
1636 3661 1760 3736 Noctis
1775 3661 1847 3744 fili,
1873 3661 2028 3741 Somne,

630 3774 718 3833 esto.
1311 3767 1517 3838 Profundns
1533 3767 1654 3838 venias
1672 3765 1813 3836 belluae
1829 3762 1966 3833 invisae
1980 3759 2079 3840 Deo,

270 3869 382 3962 Ulyec.
404 3868 558 3938 Putatur
574 3865 655 3936 vitis
672 3889 745 3935 esse
760 3865 797 3932 in
813 3889 891 3934 mea
907 3888 1029 3934 manu·
1312 3867 1358 3938 Et
1373 3893 1417 3940 ne
1433 3883 1515 3964 post
1532 3883 1585 3940 tot
1600 3869 1761 3961 egregios
1775 3865 1956 3937 Troianos
1973 3863 2114 3932 labores

217 3967 291 4045 565
317 3973 408 4064 Gyri.
440 3973 516 4062 Age
537 3993 631 4040 nunc
656 3969 815 4039 infunde.
894 3969 1005 4061 Ulyac.
1041 3963 1208 4049 infundo,
1231 3899 1237 4066 l
1261 3968 1337 4042 600
1361 3969 1482 4064 lpsum
1499 3984 1534 4042 et
1549 3973 1664 4044 socios
1685 3969 1823 4064 perdite
1838 3969 2025 4062 Ulyssem,

623 4083 699 4140 lace
717 4073 839 4140 modo·
1310 4071 1491 4146 Per'hunc
1507 4075 1645 4160 virum,
1669 4072 1732 4168 qui
1754 4097 1821 4144 nec
1836 4069 1934 4156 Diis,
1959 4093 2024 4140 nec
2048 4059 2241 4135 bominibus

265 4178 355 4268 cycl.
401 4176 493 4243 Rem
527 4173 706 4242 difficilem
742 4170 861 4242 dixisti
894 4168 974 4252 llll,
1023 4172 1085 4264 qul
1117 4169 1208 4240 bibli
1665 4199 1772 4247 curae
1788 4188 1851 4246 est,

626 4275 791 4346 multum.
1309 4276 1412 4362 „Aut
1430 4279 1628 4350 Fortunam
1644 4277 1757 4348 Deam
1781 4301 1855 4348 esse
1870 4271 2066 4345 existimari
2084 4293 2173 4362 opus
2186 4273 2241 4341 est,

269 4380 380 4469 wyse.
405 4376 495 4447 Ecce
514 4377 689 4468 accipiens
706 4377 827 4459 ebibe,
854 4386 889 4442 et
903 4367 994 4441 nihil
1012 4374 1205 4470 relinquas,
1306 4379 1377 4454 Res
1395 4383 1535 4453 divinas
1553 4406 1638 4452 vero
1654 4383 1800 4452 fortuna
1816 4378 2015 4448 inferiores.

262 4479 449 4553 Commori
464 4491 606 4571 oportet
621 4478 792 4547 iacentem
809 4501 888 4546 cum
906 4471 974 4546 hoc
989 4478 1131 4568 poculo.

128 4669 132 4676 ,
263 4587 353 4678 cycl.
380 4583 520 4677 Papae,
541 4580 683 4673 sapiens
700 4579 805 4676 estss)
824 4578 960 4671 lignum
977 4579 1070 4650 vitis.
1615 4545 1886 4646 [symm]

121 4693 125 4700 “
209 4684 285 4760 570
322 4690 433 4778 Ulycs.
476 4684 527 4754 Ut
557 4683 749 4776 sumpseris
790 4684 835 4753 ad
878 4682 996 4752 cibum
1036 4682 1202 4767 multum,
1307 4690 1405 4762 Glror.
1431 4680 1721 4778 comprehendet
1738 4686 1868 4758 collum

621 4787 772 4858 multum
1254 4786 1329 4862 605
1355 4789 1493 4860 lntente
1509 4813 1637 4859 cancer

259 4891 471 4962 Madelacies
514 4913 589 4960 non
631 4889 809 4960 sitientem
851 4897 1042 4968 ventrem,
1095 4899 1130 4955 et
1162 4886 1200 4954 in
1303 4892 1493 4986 Hospitum
1510 4890 1722 4985 epulatoris;

617 5015 784 5062 somnum
810 5011 994 5066 conneres;
1252 5055 1455 5067 —„,

1285 5134 1333 5190 29)
1351 5133 1489 5190 somnum]
1504 5129 1546 5180 stc
1559 5131 1641 5184 Baro.
1653 5133 1703 5188 (ε
1716 5127 1799 5181 natat.
1814 5127 1895 5178 Bestt.
1910 5125 2001 5186 root,
2021 5125 2120 5185 barn,
2138 5123 2234 5184 Mnsgr.

234 5211 283 5270 27)
302 5213 330 5260 et
346 5210 418 5263 stent
435 5223 489 5261 non
500 5213 566 5271 me]
584 5209 626 5260 stc
639 5213 719 5261 noro.
733 5213 780 5269 (ιτ
794 5207 889 5268 ttnrip.
907 5200 941 5272 χ’
959 5199 1048 5270 ὥςπερ
1067 5195 1118 5254 oda
1132 5201 1198 5271 ἐμές
1318 5195 1440 5266 duros),
1461 5199 1546 5250 uuirt.
1561 5200 1647 5262 1558..
1667 5197 1742 5248 1555.
1753 5197 1853 5268 mendo
1867 5201 1994 5259 typogcn
2014 5205 2147 5254 sonuum
2164 5188 2233 5240 rm:

268 5277 344 5333 tum
373 5285 457 5342 utque
475 5291 518 5328 me
535 5281 595 5330 tam
618 5290 675 5328 noo
698 5275 810 5341 οὓτως
844 5275 929 5326 Edltt.
946 5275 1038 5337 1555,
1070 5275 1144 5326 1565.
1169 5275 1199 5324 st
1319 5260 1449 5322 οἶνον-
1466 5267 1570 5321 vinum.

271 5347 343 5397 elcut
360 5359 423 5398 non.
725 5349 727 5354 ’
939 5397 942 5404 .
1238 5381 1241 5386 -
1282 5353 1331 5422 50)
1348 5357 1435 5406 libert
1452 5355 1495 5414 te]
1522 5352 1563 5402 sic
1579 5353 1683 5415 Mnagr.
1710 5341 2107 5417 (zltnrlp.ciualid13q3’;
2141 5347 2227 5396 bern:

302 5433 360 5491 aar]
380 5431 421 5481 nc
437 5429 523 5480 nacte.
539 5429 614 5481 taor.
634 5432 662 5480 et
680 5431 814 5491 anesten
843 5429 892 5482 ra.
909 5428 985 5480 csse.
1007 5429 1043 5478 et.
1220 5401 1226 5484 l
1315 5425 1403 5475 tum
1420 5421 1504 5487 nos),
1524 5421 1607 5470 rotet.
1623 5419 1715 5486 csse,
1736 5421 1810 5472 csse.
1828 5420 1954 5473 rsonae.
