4616 5810
46 205 106 282 sa
278 169 336 296 ,’
468 199 544 274 ux.
595 199 994 278 immurmurans
1027 193 1306 274 ancusrmu
1340 190 1590 270 mammo.
1979 129 2112 282 ω’

85 377 230 448 Ploraus
249 367 379 444 charae
403 371 566 467 coniugis
587 377 753 462 cadaver,
834 459 837 470 Ι
866 381 872 396 ”
1118 371 1315 446 ostendisti
1333 371 1523 446 manifeste
1546 397 1586 445 re
1609 375 1707 468 ipsa,
1728 379 1792 473 qui
1811 381 1872 466 sis,

85 482 181 575 Quae
201 499 322 548 recens
350 487 403 548 est
426 489 582 550 mortm.
1116 475 1241 570 Neque
1261 466 1428 548 exi'stimo
1451 501 1509 548 me
1529 500 1603 549 esse
1627 479 1738 551 lilium
1762 497 1877 556 tuum.

82 584 289 666 „Generosa
310 591 441 649 natura
464 579 612 652 cllcrtur
631 583 679 651 ad
704 581 974 678 pudoremfll..
1066 574 1142 650 646
1170 579 1317 651 Adeone
1340 603 1464 652 omncs
1487 581 1628 653 excellis
1651 583 1861 672 timiditate,

41 683 104 759 605
133 681 202 772 „ln
223 681 327 754 bonis
351 681 472 752 omnia
496 683 619 754 insunt
641 685 831 775 sapienter.
1116 680 1225 775 Quod
1244 694 1319 752 tam
1343 681 1489 774 mandis
1512 695 1619 768 natu,
1661 686 1725 780 qui
1757 691 1829 762 iam
1850 693 1897 762 ad
1918 703 2051 764 metam
2158 767 2163 774 ,

77 788 119 858 Et
141 789 180 858 iu
200 809 279 872 mea
304 785 425 855 anima
447 784 578 858 fiducia
600 789 715 872 sedet,
849 835 854 842 -
1142 871 1146 878 .
1467 785 1571 881 ¹vitae
1594 787 1734 874 venisti,

78 891 177 962 Pium
204 889 321 958 virum
346 887 406 979 pie
430 899 593 958 acturum
617 913 702 962 esse.
1114 884 1198 958 Non
1225 887 1370 958 voluisti
1392 911 1509 982 neque
1529 889 1636 960 ausus
1657 913 1694 962 es
1714 893 1809 962 mori

78 991 170 1065 Adm'.
200 990 420 1084 Obenevole
435 1003 559 1064 coetus
574 991 734 1063 virorum
753 987 1012 1078 Pheraeorum,
1112 987 1187 1058 Pro
1212 1001 1275 1061 tuo
1297 991 1389 1072 filim
1422 992 1485 1060 sed
1508 984 1602 1062 hanc
1621 992 1755 1066 sivistis

36 1097 98 1171 610
126 1095 200 1166 Μεί
223 1093 380 1165 ministri
405 1095 559 1163 cadaver
582 1096 732 1166 omnino
755 1107 922 1166 ornatum
1117 1089 1304 1162 Mulierem
1328 1092 1587 1184 alienigenam,
1612 1121 1722 1190 quam
1744 1111 1780 1168 et
1803 1111 1955 1168 matrem

76 1202 210 1271 (ierunt
232 1197 393 1269 sublime·
408 1198 454 1267 ad
475 1193 696 1287 sepulturam
718 1210 754 1268 et
777 1220 922 1290 rogunm
1062 1189 1138 1264 660
1166 1193 1213 1264 Ει
1227 1208 1365 1286 patrem
1382 1221 1502 1266 meum
1520 1195 1611 1268 iuste
1627 1201 1740 1270 solam
1764 1200 1930 1275 existimo
1951 1200 2048 1274 esse?-

74 1304 367 1384 Postuertam,
389 1311 430 1370 ut
452 1299 592 1384 lasest,
1054 1301 1060 1313 '
1111 1295 1221 1391 Atqui
1246 1299 1460 1370 decertasset
1484 1300 1665 1392 egregium
1689 1316 1881 1389 certamen,
2111 1293 2123 1306 “

75 1409 228 1480 Salutate
251 1399 489 1496 egredientem
512 1415 731 1494 postremam
755 1401 864 1474 viam
1112 1398 1150 1468 si
1166 1412 1330 1472 mortuus
1340 1425 1435 1473 esses
1449 1426 1517 1494 pro
1534 1415 1597 1474 tuo
1608 1405 1705 1486 filim
1729 1408 1836 1476 breve
1856 1419 1908 1477 est

75 1515 165 1588 (ἕλεν.
196 1506 311 1602 Atqui
332 1505 438 1576 video
460 1517 561 1576 tuum
586 1518 724 1597 patrem
750 1505 853 1577 senili
878 1506 968 1596 pede
1110 1500 1304 1596 Reliquum
1318 1517 1478 1596 tempus,
1493 1507 1592 1597 quod
1606 1508 1673 1578 tibi
1690 1511 1737 1579 ad
1754 1510 1947 1578 vivendum
1964 1531 2048 1576 con-

27 1613 94 1688 oto
117 1607 296 1694 Euntem,
316 1621 352 1680 et
367 1607 514 1678 comites
530 1607 569 1676 in
585 1608 751 1680 manibus
767 1620 848 1678 tuae
864 1607 1006 1698 coniugi
1469 1607 1618 1679 ceditur.

71 1720 237 1788 Ferentes
263 1724 430 1782 ornatum
458 1722 699 1782 mortuorum.
1109 1704 1156 1776 Et
1176 1729 1241 1798 ego
1265 1707 1429 1780 vixissem
1454 1719 1490 1778 et
1511 1709 1572 1778 illa
1600 1735 1752 1796 mecum,

72 1823 165 1892 Pler.
196 1817 235 1892 Ο
258 1816 330 1899 lili,
354 1813 460 1882 venio
483 1812 609 1883 dolens
629 1825 727 1883 tuam
752 1811 877 1882 vicem.
1053 1803 1134 1880 666
1162 1807 1237 1880 Νεε
1258 1811 1405 1884 orbatus
1429 1835 1607 1904 gemerem
1628 1838 1708 1885 mea
1734 1815 1841 1886 mala.

72 1925 204 1994 &nam
235 1917 331 1988 enim
356 1929 391 1986 ει
410 1915 579 2008 pudicam
607 1915 731 2010 (nemo
754 1911 990 2010 contradicet)
1107 1910 1219 2005 Atqui
1241 1913 1384 1996 ornnia,
1408 1937 1500 2008 quae
1515 1915 1594 1985 viro
1609 1916 1716 1988 beato
1739 1918 1946 2011 contingere
1962 1945 2044 2012 pos-

72 2027 267 2116 Coningem
287 2019 456 2098 amisisti;
482 2041 606 2088 verum
628 2014 717 2088 haee
1384 2103 1390 2116 ι
1471 2029 1566 2101 scuit,

36 2133 93 2207 620
119 2130 228 2199 Ferre
255 2143 396 2194 necesse
421 2131 493 2204 est,
516 2143 735 2216 quamquam
760 2119 832 2190 sint
857 2119 983 2190 tristia.
1106 2113 1300 2208 Accepisti,
1325 2116 1465 2188 iuvenis
1488 2119 1641 2192 floruisti
1666 2145 1831 2213 regnans,
1940 2183 1942 2190 .

71 2234 191 2326 Accipe
217 2223 320 2298 hunc
341 2236 530 2306 ornatum,
556 2237 591 2293 et
612 2223 678 2295 sub
702 2235 834 2292 terram
1105 2216 1151 2286 Et
1168 2241 1233 2310 ego
1249 2243 1349 2288 eram
1363 2221 1428 2290 tibi
1446 2222 1539 2292 filius
1552 2219 1678 2294 haeres
1692 2219 1797 2296 huius
1814 2227 1927 2317 regni.

72 2335 149 2416 Ean
174 2328 348 2402 convenit
366 2322 473 2397 huius
493 2349 622 2416 corpus
643 2321 783 2394 honore
800 2326 953 2404 afficere,
1105 2317 1229 2415 ltaque
1252 2322 1410 2394 moriens
1431 2347 1506 2392 non
1526 2325 1603 2396 sine
1625 2327 1745 2398 liberis
1767 2328 1847 2398 aliis
1868 2323 1961 2400 hauc
1975 2332 2042 2400 do·
2160 2323 2164 2331 ’

73 2437 164 2532 Quae
183 2446 334 2505 mortua
356 2442 410 2502 est
430 2449 497 2520 pro
519 2439 580 2498 tua
600 2429 687 2512 vita,
1464 2451 1565 2496 mum
1927 2431 1929 2438 '

71 2539 110 2610 Et
129 2539 235 2622 fecit,
262 2559 308 2606 ne
331 2534 480 2604 orbarer
500 2529 640 2627 liberis,
667 2553 783 2624 neque
805 2527 968 2621 permisit
1052 2523 1130 2596 660
1159 2523 1361 2596 Relicturus
1387 2549 1465 2598 eras
1489 2531 1617 2599 orbam
1639 2529 1897 2624 diripiendam
1967 2547 1972 2564 ·

38 2641 93 2719 525
105 2643 161 2714 Me
176 2641 364 2735 privatum
380 2648 415 2704 te
430 2634 678 2703 contabescere
690 2632 833 2724 lugubri
845 2641 1001 2702 senecta.
1104 2625 1187 2698 Non
1199 2627 1337 2720 poteris
1350 2629 1489 2714 dicere,
1510 2644 1719 2724 propterea,
1743 2637 1841 2730 quod
1857 2649 2040 2708 consume.

71 2746 243 2817 Omnibus
265 2739 348 2812 lecit
369 2734 651 2808 laudatissimam
673 2735 786 2805 vitam
1467 2732 1515 2802 lia
1539 2735 1719 2806 effecerim

72 2849 297 2929 Mulieribus,
327 2865 412 2912 ausa
436 2835 504 2908 hoc
525 2861 736 2930 generosum
757 2837 906 2908 facinus.
1104 2829 1223 2902 Tiram
1248 2841 1445 2918 senectam,
1471 2837 1568 2906 mori
1588 2851 1623 2910 te
1645 2861 1846 2916 recusasse:
1878 2866 1959 2914 cum
1984 2865 2038 2914 re·
2148 2893 2152 2900 -

72 2953 200 3048 oquae
217 2945 374 3024 servasti
391 2965 510 3012 meum
527 2942 654 3026 lilium,
670 2953 705 3011 et
719 2963 842 3012 rursus
858 2939 999 3010 erexisti
1476 2962 1603 3012 verens

72 3057 136 3128 Nos
156 3058 348 3132 cadentes,
368 3045 468 3128 vale,
491 3056 527 3112 et
548 3045 642 3137 apud
663 3043 798 3114 inferos
1101 3034 1175 3104 Tui
1195 3037 1350 3108 maxime
1371 3038 1521 3125 fuerim,
1547 3056 1582 3114 et
1603 3067 1670 3134 pru
1691 3040 1747 3116 his
1772 3049 1923 3139 gratiam

37 3157 91 3229 630
114 3159 208 3230 Rene
227 3155 280 3228 sit
300 3152 387 3235 tibi,
413 3147 494 3217 dico
518 3147 609 3216 tales
626 3145 772 3238 nuptias
1103 3136 1229 3208 Talem
1252 3151 1289 3208 et
1312 3151 1349 3210 tu
1373 3153 1408 3210 et
1430 3155 1547 3212 mater
1565 3142 1657 3214 mihi
1681 3151 1886 3240 rependitis.

73 3261 310 3354 ‚,Nondignas
327 3278 400 3326 csse
415 3271 508 3344 quae
523 3250 722 3333 solvantur,
737 3261 880 3318 autnon
897 3258 998 3316 erant
1050 3235 1127 3312 666
1156 3240 1239 3311 Non
1261 3242 1415 3334 amplius
1431 3244 1553 3336 gignes
1575 3248 1720 3334 liberos,
1849 3309 1854 3316 .

420 3348 695 3424 contrahendae.
895 3353 898 3360 ’
1100 3343 1174 3435 Qui
1189 3355 1229 3412 te
1250 3368 1370 3415 senem
1396 3346 1515 3432 alant,
1550 3363 1585 3420 et
1606 3349 1844 3424 morientem

71 3473 157 3540 Adai.
192 3467 282 3538 Non
304 3455 432 3530 venisti
457 3467 605 3540 vocatus
625 3479 644 3524 a
666 3453 755 3524 meis
778 3455 823 3522 ad
847 3447 915 3522 hoc
944 3453 997 3520 fu·
1098 3445 1279 3531 Efferam,
1306 3460 1341 3518 et
1364 3449 1537 3541 sepeliant
1561 3455 1723 3526 cadaver.
1774 3529 1781 3536 ,

421 3580 502 3641 nus,
1101 3549 1183 3620 Non
1204 3549 1300 3620 enim
1323 3575 1389 3643 ego
1408 3565 1443 3622 te
1465 3577 1544 3624 mea
1566 3579 1676 3626 manu
1699 3560 1880 3664 sepeliam.
1975 3616 1981 3638 ,
2097 3637 2104 3652 ⁸

70 3669 181 3768 Neque
203 3685 266 3742 tua
291 3661 493 3758 praesentia
515 3656 605 3730 mihi
632 3669 731 3752 grata
758 3672 822 3741 est,
1100 3651 1266 3724 Mortuus
1296 3679 1394 3740 sum,
1436 3671 1611 3750 quantum
1638 3661 1676 3729 in
1701 3673 1736 3730 te
1757 3675 1826 3743 est;
1860 3664 1888 3734 si
1909 3675 2055 3744 nactus,
2123 3703 2127 3712 =

70 3772 108 3844 Et
123 3789 221 3847 tuum
245 3781 415 3842 ornatum
440 3758 528 3833 haec
548 3785 733 3856 nunquam
757 3760 893 3829 induet.
1169 3751 1192 3794 χ
1459 3783 1538 3830 sum
1564 3762 1673 3832 alium

38 3871 91 3946 086
111 3879 188 3949 Non
204 3875 302 3948 enim
318 3885 460 3942 tuarum
474 3889 596 3936 rerum
614 3863 776 3954 indigens
792 3861 995 3954 sepelietur,
1031 3853 1123 3941 ,670
1152 3855 1402 3941 servatorem,
1431 3873 1466 3929 et
1488 3864 1589 3932 vivo:
1622 3859 1728 3935 huius
1751 3891 1808 3936 me
1831 3868 1910 3936 dico
1935 3891 2007 3938 esse

71 3978 161 4051 Tunc
184 3995 218 4052 te
241 3976 363 4048 dolere
386 3968 566 4063 oportuit,
586 3967 734 4062 quando
761 3987 826 4056 ego
851 3961 951 4056 perii.
1097 3956 1144 4026 Et
1170 3954 1282 4027 lilium
1306 3971 1342 4027 et
1364 3955 1513 4032 charum
1540 3964 1738 4036 alumnum.

18 4153 19 4158 ,
70 4081 230 4154 Tovem
264 4094 362 4153 mans
394 4072 554 4155 eminus,
593 4066 852 4164 relinquens“)
882 4064 991 4136 alium
1099 4058 1275 4144 „Frustra
1299 4059 1408 4150 igitur
1428 4086 1530 4135 senes
1555 4079 1683 4158 optant
1707 4069 1812 4152 mori,

409 4175 506 4246 mori
1097 4159 1379 4254 „vituperantes
1401 4179 1580 4238 senectam
1606 4181 1642 4240 et
1664 4172 1808 4263 longam
1831 4173 1953 4245 vitam.

71 4281 260 4370 Iuniorem,
286 4307 365 4354 cum
383 4292 423 4351 tn
437 4278 484 4350 sis
497 4300 623 4360 senex,
645 4285 768 4368 postea
785 4267 991 4342 lamentaris
1095 4263 1282 4357 „Quando
1305 4267 1400 4338 euim
1428 4282 1543 4362 prope
1564 4275 1699 4344 accedit
1722 4299 1837 4362 mors,
1872 4289 1948 4348 tum
1970 4303 2031 4349 ne-
2086 4295 2087 4300 ’

415 4378 512 4452 hunc
536 4392 734 4449 mortuum.
986 4410 992 4419 ·
1452 4397 1512 4443 mc
1535 4375 1612 4446 vult

71 4487 141 4562 Non
162 4488 259 4564 suisti
279 4511 361 4558 vere
382 4483 454 4555 mci
474 4480 635 4575 corporis
656 4493 772 4574 pater,
1043 4465 1119 4541 676
1152 4469 1302 4555 „Mori‚
1327 4485 1404 4544 tum
1428 4474 1498 4547 illis
1517 4491 1678 4554 sonemus
1700 4505 1776 4552 nou
1801 4498 1853 4554 est
1873 4487 1988 4555 oneri.

37 4585 91 4660 040
104 4591 234 4688 Neque
251 4591 331 4673 illas
354 4611 447 4682 quae
463 4585 594 4656 dicitur
610 4609 667 4654 me
682 4580 861 4676 peperisse
880 4591 913 4650 et
928 4601 989 4648 vo·
1094 4573 1193 4646 cta.
1221 4572 1401 4662 Desinite,
1423 4578 1509 4650 satis
1528 4595 1583 4653 est
1605 4607 1775 4676 praesens
1801 4589 1994 4656 calamitas.

412 4701 513 4758 catur
1091 4674 1215 4762 Ofili,
1237 4701 1283 4749 ne
1305 4677 1423 4753 irrites
1447 4684 1607 4754 animum
1632 4687 1755 4777 patris.
1786 4719 1789 4725 r
2137 4769 2144 4780 .

71 4793 192 4882 Mater,
214 4820 272 4867 me
293 4792 448 4887 peperit:
476 4814 496 4858 a
520 4785 639 4858 servili
661 4783 834 4876 sanguine
1091 4780 1192 4850 Pher.
1233 4779 1268 4849 Ο
1289 4781 1358 4868 lili,
1377 4807 1469 4878 quae
1490 4782 1628 4856 iactas?
1655 4802 1775 4860 utrum
1800 4788 1941 4884 Lydum
1965 4805 2027 4863 aut
2057 4859 2061 4870 ,

71 4895 266 4992 suppositus
289 4923 365 4970 sum
394 4893 592 4964 clanculum
617 4887 784 4959 uberibus
808 4901 888 4954 tuae
905 4909 987 4952 con-
1447 4881 1627 4980 Phrygem

380 5072 382 5082 *
415 4995 516 5088 iugis,
1088 4982 1238 5056 Servum
1262 4984 1417 5078 aliquem
1439 4987 1616 5080 implicari
1641 4989 1710 5060 tuis
1732 4990 1858 5060 ruatis?

36 5138 209 5160 -......
474 5092 480 5101 “
1039 5082 1113 5153 600
1139 5085 1233 5156 Num
1250 5085 1370 5181 scisoe)
1388 5112 1443 5160 me
1457 5088 1764 5176 esse'lhessilum,
1782 5091 2024 5168 eta'l'hessalo
2089 5175 2091 5180 ¹

59 5281 98 5342 ⁸⁷)
116 5287 145 5337 a.
161 5289 178 5336 1.
195 5283 222 5336 tu
241 5285 323 5336 cutte.
343 5279 435 5341 tom,
456 5273 530 5328 teat.
550 5273 616 5324 uota
633 5281 735 5332 urge
754 5267 938 5320 verecundie.
1011 5319 1013 5328 ,

60 5367 98 5426 00)
114 5333 1013 5436 essemquec=ruro.nammttrts.taaa,me=1.‚⁵
1066 5358 1121 5416 aa)
1139 5359 1207 5408 nun
1226 5357 1296 5417 scta]
1324 5355 1365 5407 ste
1380 5355 1465 5410 Mitt.
1486 5358 1578 5425 imp
1604 5361 1694 5423 tates
1720 5364 1805 5420 ltdttt.
1821 5369 1948 5420 recent:
1979 5369 2021 5418 Au
2066 5423 2069 5428 ,

88 5439 196 5504 Pergae
219 5437 361 5491 Edam
382 5429 527 5494 ratberti.
813 5485 815 5491 ,
1009 5429 1013 5453 ¹
1106 5427 1198 5478 nescis
1217 5423 1325 5494 (Eunt).
1344 5419 1400 5476 ote
1418 5415 1527 5492 alodo).
