4700 5808
227 237 286 314 11

233 513 335 597 loca,
362 511 459 582 vivet
474 524 599 582 natum
615 524 716 583 tanto
733 514 871 605 spatio,
906 528 1062 610 quantus
1086 526 1139 586 est
1162 535 1229 584 nn-

233 639 354 686 merus
370 617 546 706 graduum
562 615 656 684 inter
671 631 944 708 prorogatorem
967 629 1001 688 et
1024 617 1228 710 proximam

227 717 452 801 maleficam,
479 729 534 788 tot
556 717 722 790 videlicet
744 745 903 806 menses,
929 720 1005 792 dies
1027 719 1086 790 vel
1107 715 1229 803 horas,

233 845 302 913 pro
318 823 427 890 modo
444 834 479 890 et
494 820 631 892 viribus
646 845 833 894 causarum
852 825 1072 893 nocentium.

337 921 426 993 Cum
444 935 563 994 autem
579 925 758 994 maleficae
773 939 946 1020 spargunt
958 925 1080 995 radios
1095 921 1134 990 in
1148 922 1225 990 loca

230 1023 354 1118 priora
369 1023 585 1110 luminibus,
612 1039 646 1095 et
664 1027 841 1098 beneficae
868 1024 1134 1122 insequentia,
1160 1047 1228 1093 na-

231 1136 288 1200 tus
304 1127 449 1198 durabit
465 1141 500 1198 ct
515 1129 623 1201 vivet.

332 1229 471 1302 Rursus
502 1255 582 1303 cum
610 1231 791 1300 maleficae
823 1233 1010 1302 elevantur
1035 1251 1143 1324 supra
1167 1229 1227 1298 be-

231 1333 382 1418 neficas,
421 1333 562 1425 signum
593 1346 645 1403 cst
674 1333 881 1406 detrimenti
914 1347 950 1404 et
985 1331 1226 1404 subiectionis.

231 1435 322 1506 Cum
336 1447 455 1507 antem
479 1437 656 1506 beneficae
677 1450 866 1527 superant,
899 1448 1005 1508 natus
1029 1435 1125 1505 vivet
1148 1433 1227 1527 qui-

230 1538 332 1623 dem,
359 1541 419 1609 sed
437 1536 562 1611 alienis
575 1540 784 1630 parentibus
800 1539 963 1612 subditus
979 1537 1058 1609 erit.

334 1638 426 1712 Cum
451 1656 571 1713 autern
597 1643 754 1712 benefica
780 1643 899 1738 aliqua
927 1653 991 1712 aut
1016 1651 1135 1710 ortum
1164 1649 1228 1707 aut

229 1744 508 1836 adplicationem
532 1745 691 1838 aliquam
715 1741 825 1817 habet
840 1747 885 1816 ad
901 1742 1065 1827 Lunam,
1099 1754 1135 1810 et
1149 1763 1225 1808 ma-

230 1846 329 1916 lefica
362 1860 415 1920 est
445 1849 485 1917 in
510 1871 658 1932 occasu,
691 1859 796 1920 natus
820 1846 1001 1919 nutrietur
1023 1869 1043 1914 a
1068 1841 1225 1936 parenti-

227 1949 295 2022 bus
309 1949 393 2022 suis.

330 2051 466 2123 Eodem
484 2051 594 2120 modo
619 2049 815 2138 iudicetur,
846 2052 878 2124 si
899 2047 1003 2120 multi
1025 2047 1132 2119 simul
1158 2071 1225 2118 na-

153 2167 156 2174 '
228 2167 383 2226 scentur.
451 2151 542 2224 Cum
575 2152 721 2248 aliquod
756 2155 898 2237 lumen,
940 2152 1038 2247 quod
1074 2150 1225 2241 adspicit

228 2268 388 2330 caeteras
404 2256 544 2340 stellas,
578 2256 616 2324 in
633 2281 760 2329 occasu
787 2269 859 2343 est,
891 2268 1058 2328 nascetur
1082 2251 1224 2323 semivi-

229 2384 337 2445 vum,
362 2371 426 2429 aut
439 2357 604 2430 informis
619 2383 704 2429 caro
720 2372 757 2429 et
777 2360 984 2430 immatura.
1045 2353 1136 2426 Cum
1162 2379 1224 2426 au·

226 2474 299 2531 tem
317 2461 500 2532 maleficae
517 2461 704 2530 elevantur
717 2485 825 2553 supra
841 2463 986 2546 lumen,
1016 2469 1141 2527 natum
1157 2481 1223 2528 nec

227 2564 426 2647 nutrietur,
451 2587 518 2632 nec
532 2561 641 2647 vivet,
663 2563 860 2634 obnoxium
878 2565 1005 2648 causis,
1032 2585 1122 2654 quas
1138 2559 1223 2630 dixi.

580 2771 635 2838 De
647 2770 736 2839 nitar
748 2759 868 2858 sparto.

329 2917 510 3006 Interea,
546 2946 638 3018 quae
662 2921 936 2995 considerantur
960 2941 1042 3018 post
1065 2941 1224 3022 partum,

225 3025 420 3122 praecipua
442 3024 604 3120 quaestio
629 3036 681 3096 cst
704 3025 748 3095 de
769 3027 864 3096 vitae
884 3030 1014 3120 spatio.
1072 3031 1223 3102 Ridicu-

225 3127 303 3200 lum
318 3142 370 3200 cst
386 3128 481 3198 enim
497 3129 736 3222 pronuntiare
750 3129 794 3199 de
811 3130 974 3204 moribus
989 3145 1097 3228 atque
1113 3135 1223 3204 actio·

225 3232 332 3308 nibus
362 3231 461 3317 nati,
502 3233 565 3328 qui
596 3257 671 3302 non
692 3246 930 3324 perventums
954 3238 1074 3307 estad
1095 3253 1224 3322 annos,

226 3335 357 3431 quibus
391 3335 549 3404 actiones
573 3334 655 3404 illae
679 3349 893 3425 congruunt.
954 3339 1023 3408 Sed
1046 3334 1135 3410 haec
1156 3342 1223 3410 do-

226 3437 340 3507 ctrina
358 3459 432 3504 non
457 3449 510 3508 est
532 3436 701 3528 simplex,
736 3460 803 3505 nec
823 3438 954 3532 facilis;
988 3443 1047 3510 sed
1068 3442 1223 3513 sumitur

226 3539 326 3608 varie
343 3563 361 3606 a
378 3539 560 3608 stellarum
580 3537 844 3608 dominantium
865 3542 1138 3633 praerogativis.

328 3640 460 3712 Modus
474 3654 593 3711 autem
614 3639 768 3710 maxime
794 3657 1055 3715 consentaneus
1076 3659 1223 3716 natura·

224 3743 319 3815 libus
333 3743 535 3815 rationibus
559 3755 628 3826 est,
659 3743 720 3837 qui
745 3743 899 3816 astruitur
921 3772 963 3817 ex
983 3761 1222 3841 prorogatore

225 3860 262 3918 et
277 3871 319 3917 ex
334 3849 563 3918 dominatore
579 3846 847 3938 prorogatoris,
875 3873 916 3917 ac
934 3875 1057 3922 rursus
1072 3876 1113 3919 ex
1135 3851 1223 3923 locis

226 3963 262 4021 et
277 3951 387 4023 stellis
405 3949 710 4022 interficientibus.

533 4158 589 4225 De
604 4157 672 4226 loco
682 4167 912 4248 prorogatore-
1021 4125 1029 4134 .

326 4305 491 4376 Primum
520 4307 664 4400 quidem
702 4310 975 4379 existimandum
1011 4325 1081 4397 est,
1122 4316 1221 4387 locos

224 4395 479 4500 prorogatores
496 4433 591 4492 esse,
619 4409 655 4478 in
681 4411 810 4503 quibus
832 4424 884 4482 est
907 4414 1008 4482 stella
1031 4429 1219 4507 acceptura

170 4563 172 4566 -
223 4511 426 4586 dominium
450 4513 733 4604 prorogationis:
770 4507 1031 4606 horoscopum,
1066 4541 1085 4585 a
1112 4519 1221 4612 quin-

224 4637 294 4709 que
323 4614 487 4709 partibus
521 4638 627 4708 supra
654 4611 901 4700 horizontem,
934 4622 1112 4712 usquead
1138 4621 1220 4690 reli·

225 4741 314 4810 quas
347 4719 505 4814 quinque
537 4732 576 4787 et
603 4717 744 4809 viginti.
767 4733 973 4814 sequentes,
1006 4735 1043 4790 et
1069 4725 1218 4793 domum

222 4821 471 4906 undecimam,
507 4822 565 4893 cui
581 4845 715 4890 nomen
732 4835 785 4892 est
800 4821 924 4895 Bonus
946 4824 1086 4914 genius;
1122 4837 1157 4895 et
1179 4825 1218 4894 in

223 4923 346 4992 dextra
375 4939 476 5014 parte
509 4925 661 5018 adspicit
688 4922 875 5016 hexagono
906 4927 1074 5018 adspectu
1098 4951 1218 4998 ascen-

223 5026 330 5104 dens;
371 5025 455 5096 item
484 5031 642 5097 medium
665 5031 775 5112 coeli,
818 5031 915 5122 quod
945 5031 1121 5122 quadrato
1152 5033 1219 5102 ad-

221 5139 346 5219 spectu
361 5129 553 5199 ascendens
574 5130 749 5212 intactum
783 5131 869 5201 item
894 5154 1029 5201 nonam
1055 5134 1217 5220 doraum,

222 5231 283 5302 cui
304 5255 437 5306 nomen
457 5244 510 5301 est
532 5231 650 5313 Deus,
684 5241 725 5302 a‘c
748 5234 892 5325 trigono
913 5236 1083 5326 adspectu
1105 5231 1217 5307 horo·

222 5357 371 5426 scopum
388 5335 556 5426 adspicit3
573 5333 658 5402 item
676 5357 860 5420 occasum,
879 5338 942 5431 qui
959 5339 1146 5430 oppositus
1164 5353 1214 5412 cst

221 5429 439 5530 horossopo.

819 233 945 312 Psslls
979 233 1095 312 tm..
1124 235 1329 312 sctum
1361 233 1701 314 mammet.

234 409 456 503 adspiciunt,
498 421 535 480 et
559 409 681 482 radios
713 425 888 504 spargunt
913 411 964 482 in'
978 411 1251 504 praecedentia·

2222 255 2268 328 ts

1386 409 1476 482 Cum
1493 423 1612 482 autem
1628 415 1835 506 quaerimus
1850 419 1889 488 in
1912 415 1967 492 his
1990 421 2077 496 locis
2099 427 2269 517 potentis-

1280 512 1434 597 simum,
1471 513 1611 606 primus
1639 516 1708 586 erit
1736 521 1893 591 medium
1916 524 2023 604 coeli;
2055 529 2184 598 deinde
2206 527 2269 600 ho·

1281 637 1470 708 roscopus3
1521 629 1645 708 postea
1676 621 1863 692 undecima
1896 627 2043 711 domus,
2082 635 2271 704 succedens

1280 719 1400 790 medio
1417 719 1525 800 coeli;
1552 719 1681 792 deinde
1697 747 1858 808 occasum
1884 741 2006 819 postea
2023 755 2119 801 nona
2144 736 2270 807 domus

1281 822 1493 894 antecedens
1506 821 1664 893 medinm
1683 827 1785 898 coeli.

1382 921 1475 996 Nam
1497 925 1617 996 omnia
1633 926 1710 996 loca
1723 930 1792 1000 sub
1815 942 1909 1000 terra
1934 936 2169 1025 probabiliter
2189 939 2269 1008 reii-

1280 1023 1404 1110 cimus,
1429 1029 1527 1120 quod
1544 1029 1589 1097 ad
1603 1023 1696 1098 hanc
1710 1043 1922 1123 potestatem
1939 1037 2082 1120 attinet;
2109 1065 2174 1110 nec
2187 1067 2267 1132 pro-

1277 1129 1423 1212 bamus,
1449 1129 1519 1200 nisi
1541 1154 1604 1216 ea,
1631 1156 1723 1226 quac
1746 1159 1852 1226 supra
1877 1148 2010 1210 terram
2037 1143 2271 1216 ascenderunt

1279 1242 1388 1324 atque
1409 1245 1596 1324 apparent.
1662 1231 1738 1304 lmo
1761 1261 1827 1306 nec
1849 1239 1966 1310 locum
1992 1266 2100 1334 supra
2125 1258 2270 1331 terram,

1280 1331 1342 1426 qui
1366 1357 1440 1402 non
1464 1335 1615 1426 adspicit
1637 1341 1849 1424 ascendens,
1882 1345 1943 1412 sed
1969 1345 2104 1416 otiosus
2129 1349 2271 1432 dicitnr,

1278 1458 1458 1506 assumere
1473 1440 1636 1529 prodest;
1669 1463 1735 1510 nec
1750 1441 2019 1530 duodecimam,
2055 1473 2145 1541 quae
2167 1476 2270 1520 voca-

1279 1538 1469 1610 turMalus
1485 1543 1628 1630 genius,
1655 1543 1738 1636 qnia
1755 1545 1885 1628 stellas,
1912 1573 2004 1642 quae
2021 1551 2065 1620 ab
2084 1548 2270 1622 horizonte

1278 1654 1546 1732 processerunt,
1573 1643 1735 1717 turbidas
1759 1649 1896 1732 reddit,
1930 1663 1965 1720 et
1990 1653 2036 1721 ab
2059 1657 2189 1746 :angulo
2212 1681 2270 1724 ca·

1278 1743 1350 1824 dit;
1381 1755 1418 1813 et
1434 1769 1513 1813 cnm
1534 1741 1701 1816 exhalent
1716 1747 1754 1816 in
1771 1773 1851 1848 eum
1869 1765 2021 1822 exterra
2037 1779 2190 1848 vapores
2203 1755 2269 1830 hu-

1277 1844 1386 1930 midi,
1409 1846 1510 1916 densi
1528 1859 1563 1916 et
1579 1849 1784 1941 caliginosi,
1815 1867 1964 1946 propter
1984 1883 2076 1951 quos
2090 1883 2156 1930 nec
2170 1863 2270 1932 color

1277 1971 1343 2017 nec
1356 1948 1567 2039 magnitudo
1583 1952 1765 2022 stellarum
1783 1956 1940 2048 conspici
1956 1971 2084 2051 potest.
2129 1961 2270 2034 Deinde

1276 2073 1364 2120 vero
1393 2054 1439 2121 ad
1470 2067 1743 2144 prorogatorem
1767 2058 1986 2130 adsumenda
2009 2073 2093 2133 sunt
2114 2077 2271 2159 quatuor

1277 2153 1470 2245 praecipua
1486 2156 1585 2240 loca,
1612 2155 1778 2227 videlicet
1792 2159 1903 2244 Solis,
1928 2160 2074 2250 Lunae,
2099 2163 2271 2240 horosco-

1276 2279 1361 2348 pus,
1387 2280 1470 2348 pars
1484 2259 1671 2345 fortunae,
1697 2256 1877 2332 ethorum
1898 2267 2155 2340 dominatores.

1589 2435 1645 2501 De
1666 2441 1765 2520 parte
1786 2430 1960 2523 somnae.

1379 2561 1505 2636 Sumes
1532 2576 1651 2634 autem
1687 2578 1825 2657 partem
1860 2569 2027 2639 fortunae
2061 2597 2080 2640 a
2115 2599 2271 2648 numero

1276 2665 1452 2756 graduum
1473 2665 1530 2736 die
1547 2679 1582 2735 et
1596 2679 1720 2751 nocte,
1747 2693 1766 2737 a
1784 2667 1867 2740 Sole
1885 2671 1931 2739 ad
1950 2669 2111 2760 Lunam,
2144 2678 2194 2748 sic
2217 2681 2272 2748 vi-

1275 2765 1420 2852 delicet,
1454 2781 1514 2852 ut,
1549 2780 1725 2860 quantum
1750 2771 1884 2842 distant
1901 2772 1964 2843 Sol
1987 2787 2023 2845 et
2035 2773 2160 2864 Luna,
2191 2793 2273 2852 tan-

1276 2881 1353 2939 tum
1378 2871 1574 2941 constituas
1595 2870 1825 2943 intervallum
1849 2874 1944 2947 inter
1964 2871 2207 2973 horoscopum
2233 2899 2273 2956 et

1275 2985 1414 3063 partem
1437 2974 1624 3057 fortunae,
1660 2973 1757 3045 iuxta
1780 2979 2038 3050 successionem
2063 2983 2271 3075 signornm3

1275 3098 1316 3146 ac
1332 3073 1395 3144 uhi
1408 3074 1489 3146 finis
1507 3075 1575 3144 erit
1590 3076 1665 3146 eins
1678 3079 1977 3171 computationis,
2001 3083 2031 3154 is
2045 3089 2177 3176 gradus
2193 3091 2273 3161 eins

1275 3177 1386 3269 signi,
1413 3191 1448 3248 et
1463 3178 1492 3249 is
1508 3178 1609 3249 locus
1633 3180 1701 3248 erit
1720 3205 1804 3273 pars
1824 3183 2002 3257 fortunae.
2062 3188 2180 3282 Quem
2203 3193 2274 3284 igi-

1275 3293 1335 3352 tur
1349 3281 1505 3373 positum
1523 3276 1629 3352 habet
1637 3282 1700 3352 Sol
1715 3287 1760 3354 ad
1775 3279 2020 3372 horizontem,
2047 3285 2142 3361 hunc
2158 3289 2273 3365 habet

1276 3395 1311 3452 et
1324 3382 1428 3452 Luna
1442 3385 1492 3484 ‘ad
1514 3397 1653 3474 partem
1678 3387 1867 3471 fortunae,
1900 3402 1936 3459 et
1960 3392 2030 3460 erit
2051 3417 2136 3484 pars
2154 3397 2273 3468 fortu-

1274 3508 1343 3554 nae
1357 3485 1513 3558 Lnnaris
1528 3483 1762 3580 horoscopus.
1815 3489 2045 3562 Considerari
2065 3511 2184 3567 autem
2206 3501 2274 3569 de-

1274 3589 1354 3673 het,
1379 3591 1478 3682 quod
1493 3591 1615 3658 lumen
1630 3605 1803 3684 sequatur
1817 3593 1969 3663 alterum
1982 3597 2020 3664 in
2045 3601 2275 3674 successione

1274 3690 1473 3782 signorum.
1525 3691 1673 3762 sienim
1695 3691 1799 3763 Luna
1823 3697 1987 3791 sequitur
1999 3700 2118 3770 Solem
2143 3729 2276 3774 secun-

1274 3794 1360 3863 dum
1376 3795 1633 3866 successionem
1657 3795 1862 3887 signorum,
1896 3817 2106 3873 numeretur
2127 3819 2160 3875 et
2183 3831 2277 3898 pars

1273 3897 1443 3966 fortunae
1462 3900 1506 3966 ab
1528 3893 1752 3991 horoscopo,
1787 3905 1983 3974 secundum
2006 3910 2275 3981 successionem

1230 4077 1232 4080 ¹
1274 3997 1471 4090 signorum.
1522 4000 1591 4072 Sed
1607 4001 1637 4071 si
1652 3999 1754 4072 Luna
1773 4006 1950 4075 antecedit
1968 4007 2108 4093 Solem,
2141 4037 2276 4083 nrrnre-

1273 4114 1375 4171 retur
1391 4116 1426 4173 et
1440 4127 1524 4194 pars
1538 4107 1705 4174 fortunae
1725 4107 1770 4174 ab
1785 4101 2008 4201 horoscopo,
2041 4125 2164 4183 contra
2183 4121 2278 4200 {scac-

1273 4227 1465 4275 ccssronem
1481 4207 1679 4298 signorum.

1374 4307 1551 4380 Fortassis
1581 4322 1699 4380 autem
1734 4310 1829 4378 idem
1853 4307 1920 4382 hoc
1944 4315 2037 4384 valet
2061 4321 2157 4407 apud
2180 4323 2276 4389 scri-

1272 4423 1432 4502 ptorem,
1465 4423 1574 4482 noctu
1597 4413 1690 4482 natis
1713 4411 1852 4482 aLuna
1871 4419 1918 4484 ad
1934 4415 2052 4486 Solem
2072 4443 2277 4491 numeran-

1272 4517 1359 4582 dum
1381 4537 1475 4598 esse,
1514 4526 1551 4583 et
1575 4527 1719 4584 econtra
1743 4517 1789 4584 ab
1813 4513 2014 4610 horoscopo
2038 4535 2161 4591 contra
2187 4551 2276 4593 suc-

1271 4616 1464 4686 cessionem
1489 4616 1692 4708 signorum:
1726 4618 1776 4688 sic
1803 4619 1898 4689 idem
1927 4622 1996 4690 erit
2023 4623 2123 4694 locus
2151 4631 2277 4716 partis

1270 4720 1456 4802 fortunae,
1481 4731 1515 4788 et
1529 4723 1652 4790 eadem
1669 4721 1762 4790 ratio
1776 4723 1913 4814 positus
1931 4725 2144 4798 invenietur.

1541 4893 1625 4976 Quot
1646 4896 1719 4964 sint
1739 4905 1985 4984 proropdom.

1371 5023 1530 5096 luterdiu
1546 5025 1610 5096 sot
1626 5029 1875 5100 anteferendus
1898 5045 1968 5114 est,
2000 5032 2030 5100 si
2052 5045 2174 5104 tamen
2195 5037 2277 5107 crit

1269 5128 1308 5198 in
1332 5127 1419 5200 locis
1442 5131 1713 5222 prorogatoriis.
1780 5133 1848 5202 Sed
1871 5135 1900 5204 si
1924 5157 1998 5202 nou
2022 5135 2093 5204 erit
2113 5136 2150 5205 in
2173 5138 2277 5208 loeis

1268 5233 1549 5324 prorogatoriis,
1573 5231 1677 5304 Luna
1694 5247 1867 5306 sumatur.
1915 5237 2120 5306 sinautem
2143 5263 2276 5335 neque

1267 5329 1360 5404 hanc
1374 5359 1515 5407 sumere
1529 5359 1738 5426 possumus,
1762 5339 1926 5430 planetas
1939 5341 2090 5422 sumito,
2115 5343 2180 5436 qui
2198 5369 2277 5436 po·

1267 5437 1395 5508 liorem
1412 5434 1547 5510 liabent
1562 5439 1740 5509 rationem
1756 5439 1928 5525 dominii,
1956 5444 2105 5514 collatos
2129 5449 2174 5514 ad
2196 5471 2279 5540 po-
