4682 5814
230 242 307 343 tte
719 176 1702 326 eus-naaacrurarmuonouon.
2189 237 2266 321 m

230 414 423 500 inpromptu
443 415 507 484 ent,
527 404 700 482 Euripidem
714 401 929 484 philonophiann
950 418 968 461 e
988 399 1095 463 acholii
1114 401 1147 462 ia
1167 417 1285 460 ncennm
1306 401 1480 480 abduxinre,
1500 413 1679 486 arreptaque
1700 401 1841 466 einbulin
1861 415 1892 468 et
1907 405 2035 470 mortu
2055 407 2198 479 muria,
2220 421 2268 468 to-

232 495 293 582 tino
313 493 458 554 humanae
481 491 559 548 vitae
580 489 708 548 rationea
729 489 822 548 eculin
844 487 991 547 hominum
1013 485 1086 546 mira
1114 485 1202 546 aimul
1224 505 1289 546 cum
1317 488 1513 550 oblectatione
1538 493 1735 570 proposuisse.
1786 485 1875 564 Quod
1902 495 1928 552 ni
1954 493 2123 570 egitham
2149 511 2184 552 nc
2211 511 2269 572 per

231 568 338 662 pn'rten
354 577 458 638 iubeat
478 575 702 652 demonstrare,
730 571 867 654 equidem
889 589 975 650 ponne
997 589 1056 631 nou
1076 571 1250 648 denperem;
1277 570 1331 630 ned
1352 591 1426 652 opun
1447 593 1555 636 norum
1576 576 1649 638 mihi
1677 579 1858 639 uinceretur.
1906 578 1967 640 idon
1988 578 2058 643 nntin
2087 577 2125 637 nit
2146 577 2271 654 dixitne,

232 659 349 733 nullum
368 677 434 722 anne
454 661 484 720 iu
507 659 692 739 philosophia
712 669 816 736 eaput,
839 655 919 736 quod
938 656 978 715 ad
998 651 1144 716 humanae
1168 656 1246 716 ritae
1266 657 1477 718 inntitationem
1492 659 1606 738 ,iacint,
1634 661 1715 720 cuitu
1735 679 1796 722 noo
1818 673 1849 722 ct
1869 671 2047 743 praccepta,
2066 668 2106 722 ‘et
2127 663 2270 740 exempla

230 745 358 828 insigma
377 745 423 804 hia
444 746 514 824 ipnin
536 746 566 802 in
587 744 794 822 superstitibus
822 743 884 803 eiua
906 737 1059 821 (equidem
1081 739 1120 799 de
1141 759 1247 819 magno
1268 758 1391 801 numero
1418 742 1592 827 perpaucin)
1612 756 1734 807 curent
1761 747 1930 826 tragoediin.
1979 747 2117 825 Dinputat
2145 748 2270 826 quidem

232 833 271 899 de
291 832 375 907 Diin,
396 829 435 890 de
452 829 513 890 lato
525 847 580 889 neu
603 831 695 890 caunin
716 846 815 888 rerum
837 828 1046 900 humanarum,
1067 824 1106 884 de
1128 826 1320 902 neemnitnte,
1341 825 1380 886 de
1402 829 1600 890 ricinnitudiue
1621 849 1721 892 rerum
1743 843 1776 892 et
1795 833 2006 894 incertitudine
2020 832 2125 905 rade,
2139 833 2194 891 ned
2214 833 2269 908 ite,

230 929 265 996 ut
284 915 370 978 rariin
392 915 525 994 personia
546 913 677 974 dirernan
698 914 859 975 tententiae
877 911 999 970 tribuat.
1043 911 1109 979 Quo
1131 910 1181 990 qui
1200 928 1258 970 non
1279 912 1458 991 rcnpiciunt,
1485 915 1505 972 ii
1527 933 1663 994 magnam
1683 935 1783 978 aecum
1803 917 1835 976 in
1854 928 1989 980 autorum
2007 918 2142 994 gravium
2157 917 2273 994 neripta

154 985 158 1002 ⁸
229 1001 374 1064 inscitiam
395 999 582 1077 adferenten,
609 1009 734 1078 propter
755 1016 792 1059 ea
814 997 863 1057 vel
890 995 1013 1054 laudant
1039 993 1089 1055 vel
1117 992 1258 1055 damnant
1285 996 1476 1073 ncriptnrenr,
1503 1017 1581 1076 quac
1601 1001 1646 1060 illi
1667 1019 1707 1062 ue
1727 1019 1784 1081 per
1811 1001 1931 1062 fabrilia
1951 1002 2069 1082 quidem
2097 1001 2208 1060 comnia
2230 1002 2273 1060 ad

230 1083 359 1147 animum
380 1085 564 1144 accidissent.
606 1085 744 1162 Alioquin
766 1082 859 1142 multa
878 1081 1012 1139 inveniar
1033 1080 1164 1156 piinnime
1186 1078 1282 1140 dictat
1304 1079 1393 1160 quale
1414 1092 1459 1142 ent
1479 1081 1555 1144 illud
1576 1086 1843 1166 initialiippolyti,
1863 1087 1962 1148 Deum
1976 1105 2045 1148 naon
2065 1089 2194 1147 cultores
2215 1105 2273 1146 cu·

231 1190 317 1248 rnre,
337 1180 555 1249 contempneret
576 1170 756 1248 opprimere.
797 1165 837 1226 Et
858 1165 927 1245 quid
949 1165 1078 1223 nnncdun
1100 1163 1151 1221 illo
1173 1163 1310 1224 Electrae
1332 1163 1428 1225 dicto:

894 1295 938 1312 --
958 1261 1056 1344 Quod
1075 1281 1164 1326 nunc
1184 1262 1358 1326 auxilinm
1380 1273 1505 1343 petunt,

872 1345 979 1412 Nohir
998 1347 1094 1412 Deua
1113 1349 1246 1430 quando
1267 1351 1401 1416 minerii
1421 1339 1651 1436 abacelam)

232 1459 319 1528 Quod
341 1458 366 1516 ni
387 1456 544 1516 Christiani
563 1454 711 1514 interdum
732 1471 832 1513 aecum
854 1465 1045 1535 reputarent,
1065 1454 1155 1532 magia
1178 1454 1217 1514 de
1233 1452 1514 1534 placandanuminin
1535 1456 1596 1532 ira,
1617 1473 1706 1536 wana
1720 1458 1800 1518 nuria
1813 1453 1900 1539 ον’)
1914 1458 2043 1535 peccatin
2062 1457 2273 1534 emperantia

232 1545 405 1620 cogitarent.
447 1540 512 1599 lam
533 1541 582 1619 qui
604 1557 704 1598 rerum
725 1539 901 1600 caducarum
922 1539 1077 1616 κυκεῶνα,
1100 1549 1131 1598 et
1150 1539 1292 1599 humanae
1313 1539 1446 1596 minerian
1467 1540 1547 1616 apud
1567 1539 1740 1619 Euripidem
1762 1542 1847 1621 quani
1867 1542 1899 1601 ia
1919 1541 2039 1620 npeculo
2061 1541 2171 1615 cernit,
2200 1559 2273 1598 cum

230 1629 284 1688 nihi
305 1626 468 1687 remedium
490 1625 631 1684 adremun
651 1623 726 1682 haec
746 1621 840 1703 mala,
861 1634 893 1684 et
912 1625 1090 1703 praeridium
1112 1641 1179 1683 enne
1198 1625 1229 1682 in
1242 1624 1300 1683 Dei
1319 1621 1572 1703 invocationem)
1585 1627 1752 1705 auxilioque
1773 1626 1897 1705 cogitat,
1919 1627 1970 1706 qul
1989 1643 2047 1684 nou
2061 1625 2100 1685 ad
2114 1625 2274 1705 pietatem,

232 1714 370 1791 citaeque
391 1712 585 1770 innocentiam
609 1705 777 1770 excreturi
819 1710 867 1769 De
887 1709 1031 1770 felicitate
1051 1720 1169 1781 autem,
1198 1709 1291 1786 qualia
1312 1709 1461 1768 hominum
1482 1711 1514 1767 in
1536 1719 1618 1769 terra
1638 1712 1799 1774 virentium
1821 1729 1886 1770 enne
1907 1719 2022 1790 petent,
2048 1709 2164 1770 Solonio
2193 1709 2274 1768 illud

231 1791 423 1878 dictum'm)
447 1796 555 1874 ubique
576 1795 721 1871 inculcat,
749 1796 986 1874 nuccenaibuaqoe
1013 1813 1072 1854 non
1100 1811 1166 1853 enne
1193 1792 1346 1853 fidendum
1373 1793 1470 1853 docet.
1519 1795 1616 1864 Quam
1647 1796 1751 1872 pulcre
1778 1797 1909 1858 ontendit
1930 1795 2066 1856 Theneua
2086 1793 2276 1874 Adrasto-b),

235 1897 345 1942 renum
368 1899 445 1957 enne,
468 1880 547 1958 qnod
568 1881 701 1938 hominen
722 1878 760 1937 de
770 1879 833 1938 Diin
854 1889 1031 1957 querantur,
1052 1880 1141 1958 plura
1161 1895 1213 1938 eon
1234 1878 1419 1960 malequam
1444 1878 1520 1937 bona
1540 1879 1676 1954 dedinne;
1698 1881 1753 1940 ned
1774 1883 1853 1961 ipaon
1874 1900 1927 1942 naa
1948 1881 2147 1959 imprudentia
2165 1880 2198 1938 in
2221 1896 2276 1938 ren

230 1967 370 2032 advertar
391 1977 422 2026 et
443 1966 605 2042 perniciem
625 1961 729 2026 ruerel
772 1963 909 2044 Dinputnt
930 1965 962 2022 in
982 1965 1108 2023 eandem
1129 1962 1308 2022 ceurentium
1327 1971 1434 2040 argute
1447 1961 1666 2043 Phaedra-H),
1686 1967 1868 2046 voluptatum
1888 1967 1989 2046 npecie
2004 1965 2135 2025 hominen
2156 1963 2274 2038 reduci,

234 2061 268 2111 nt
289 2052 366 2110 mala
386 2051 470 2110 boain
491 2049 671 2128 praeierant.
713 2049 807 2108 idulta
827 2061 897 2110 nunt
917 2048 1083 2108 huiuamodi
1107 2049 1146 2108 de
1166 2044 1328 2126 nupplicio,
1350 2048 1429 2126 quod
1449 2045 1532 2108 Deua
1554 2049 1637 2108 malin
1658 2051 1779 2111 nudem
1798 2053 1928 2130 irroget,
1948 2069 2016 2110 cum
2037 2052 2131 2110 riatur
2151 2059 2184 2108 et
2205 2049 2275 2126 ipna

233 2135 351 2194 demum
374 2151 457 2195 nuum
478 2135 608 2193 inveniat
627 2137 801 2213 praemium.
853 2135 900 2192 De
928 2133 1108 2214 reipublicae
1135 2133 1386 2192 administratione
1407 2149 1465 2191 non
1494 2152 1551 2192 uno
1582 2135 1645 2192 loco
1673 2134 1843 2196 dianeriturr
1871 2137 1910 2196 de
1931 2137 2014 2196 cuiun
2035 2136 2146 2214 optima
2171 2131 2274 2190 forma

231 2219 367 2280 Theneun
389 2219 541 2298 praeclare
564 2229 665 2279 contra
685 2220 820 2280 Creontin
849 2235 1029 2298 praeconem
1051 2217 1140 2278 verba
1166 2215 1238 2277 iacit
1258 2214 1461 2297 Supplicibm,
1489 2235 1565 2300 quae
1586 2217 1735 2279 adducere
1757 2230 1789 2281 et
1809 2221 1931 2300 longum
1952 2231 2014 2298 ent,
2043 2236 2142 2300 neque
2163 2234 2274 2278 necen-

78 2373 84 2382 ,
199 2362 201 2368 ,
232 2305 350 2364 nudum.
394 2303 474 2372 Quid
496 2304 551 2364 hoc
571 2303 724 2366 hienoecei
743 2322 777 2366 ne
797 2322 852 2384 pro
872 2305 970 2384 patria
990 2302 1163 2363 devoranti·
1183 2299 1357 2384 dicto†††)
1380 2311 1478 2381 potent
1500 2304 1662 2382 excogitari
1682 2307 1775 2386 megin
1796 2307 1844 2366 rel
1866 2308 1969 2387 pium,
1990 2306 2038 2365 rel
2060 2307 2147 2364 rebun
2166 2301 2274 2383 publi-

232 2390 274 2449 ein
294 2385 446 2449 ululare'l

830 2468 874 2535 sa·
893 2465 1033 2553 quilibet
1054 2479 1217 2552 quantana
1237 2477 1357 2552 queat,
1376 2477 1508 2532 tantuna
1529 2465 1609 2532 boni

828 2553 874 2617 Inn
892 2552 1302 2640 publicum-patriaeque
1320 2553 1483 2636 conferat
1501 2575 1599 2618 nuucc

827 2639 917 2704 Mna·
937 2645 1105 2723 pauciora
1126 2637 1322 2704 deauratur
1342 2641 1445 2716 nula,

827 2723 874 2787 In
892 2739 1065 2810 parterm
1086 2745 1142 2788 ren
1161 2724 1380 2806 occideritque
1400 2743 1597 2807 pronperue.

232 2812 346 2870 Verum
368 2809 424 2868 boc
445 2807 610 2886 mehercle,
632 2809 686 2868 ned
707 2810 791 2868 nimir
812 2831 902 2890 quam
924 2831 1033 2872 rarum.
1087 2812 1197 2891 Neque
1219 2812 1344 2872 bellicae
1366 2813 1411 2872 rei
1430 2822 1591 2890 praecepta
1612 2808 1719 2870 ominit.
1765 2810 1801 2868 In
1823 2805 1924 2872 Rheae
1946 2812 2004 2872 tria
2024 2809 2130 2870 ducum
2152 2809 2278 2886 ingenia

235 2897 452 2973 depinguntur:
473 2895 663 2952 temerarium
684 2894 792 2970 Rheni,
813 2899 958 2956 nuccennui
979 2898 1098 2957 nimium
1120 2892 1214 2956 bdenn
1237 2896 1386 2973 Hectorin,
1408 2907 1523 2956 cautum
1544 2899 1674 2956 Aeneae.
1716 2893 1777 2954 Sed
1800 2893 1847 2976 (ut
1868 2893 1945 2976 dixi)
1962 2907 2034 2974 quot
2054 2896 2153 2974 capita
2173 2891 2280 2976 (locon

233 2999 405 3041 communen
425 2977 547 3055 vocant)
568 2990 637 3038 nunt
656 2978 860 3059 philonophiae
883 2983 1020 3054 moralia,
1050 2995 1122 3062 quot
1142 2999 1190 3042 ret
1212 2982 1250 3041 ad
1272 2982 1360 3041 vitam
1382 2999 1566 3041 communem
1588 2979 1771 3058 dirigendam
1793 2981 1898 3058 utilen,
1930 2991 1974 3039 tot
1994 2982 2025 3040 iu
2047 2999 2105 3040 uno
2126 2977 2279 3058 Euripide

232 3066 364 3148 thenauri
385 3067 497 3141 latent,
524 3063 581 3123 hoc
602 3072 665 3141 ert,
692 3065 853 3127 innumeri:
883 3081 1003 3148 tamque
1034 3067 1110 3128 latun
1133 3076 1217 3146 patet
1239 3065 1481 3146 pulcerrimarum
1503 3066 1732 3142 cententiarum,
1760 3077 1792 3125 et
1819 3066 2099 3146 rapientinnimorum
2126 3064 2281 3124 dictorum
2333 3117 2334 3120 ,

233 3167 369 3230 campan,
397 3161 430 3211 ut
452 3159 584 3230 praertet
607 3149 749 3210 lectorem
771 3169 807 3210 eo
829 3155 1001 3228 remittere,
1031 3155 1079 3212 uhi
1109 3155 1173 3232 ipra
1200 3151 1339 3210 iudicium
1360 3163 1491 3211 moratur
1512 3159 1544 3210 et
1566 3147 1688 3210 dintinet
1709 3149 1802 3229 copia.
1852 3151 2012 3210 Praetereo
2034 3169 2131 3228 nunc,
2160 3161 2281 3228 quauta

150 3231 154 3242 '
234 3239 298 3297 eiua
320 3237 382 3312 rin,
404 3244 531 3314 quantun
550 3237 579 3294 iu
603 3234 728 3296 dicendo
750 3248 887 3316 ornatur,
916 3239 1043 3318 quaein
1066 3239 1148 3318 poeni
1170 3247 1201 3298 et
1223 3255 1312 3316 quam
1334 3236 1512 3297 admirabilia
1534 3235 1712 3296 oeconomia.
1761 3233 1869 3316 Neque
1900 3237 1980 3296 enim
2007 3235 2117 3295 inntitui
2147 3234 2280 3293 laudare

131 3375 134 3384 ,
232 3323 264 3380 ln
285 3322 454 3400 penetentia
474 3317 667 3398 Euripidem,
690 3320 740 3400 qui
761 3340 794 3382 ne
816 3324 910 3403 ipsum
933 3325 973 3384 ita
995 3322 1198 3398 commendat,
1221 3331 1253 3381 ut
1274 3322 1368 3381 nemel
1390 3321 1549 3400 diligenter
1569 3321 1681 3398 lectur,
1701 3319 1741 3379 ad
1761 3322 1879 3400 naepiun
1900 3321 2095 3400 repetendam
2108 3319 2281 3379 nuileetio·

233 3421 303 3464 acm
325 3406 447 3464 mirifice
468 3406 573 3464 inritet
593 3417 626 3465 et
646 3405 764 3465 alliciat.
808 3408 1005 3476 Quamobrem
1027 3417 1139 3469 tantum
1160 3416 1293 3466 autorem
1316 3417 1363 3483 te,
1384 3407 1429 3465 vir
1445 3405 1649 3484 impiissime,
1671 3405 1725 3464 nihi
1746 3415 1902 3483 patronum
1924 3416 2111 3485 parcentem,
2132 3423 2193 3464 non
2216 3403 2283 3462 du-

232 3489 313 3565 bito,
335 3491 406 3567 quin
427 3489 516 3548 facile
537 3489 576 3546 nin
598 3491 628 3546 in
651 3498 729 3548 tuam
752 3491 922 3552 clientelam
943 3503 1128 3572 accepturun.
1170 3491 1288 3551 Deinde
1310 3509 1375 3549 cum
1396 3487 1533 3569 Philippo
1553 3491 1594 3551 ita
1614 3507 1683 3548 unua
1705 3490 1745 3549 nin
1766 3491 1835 3550 olim
1856 3503 2069 3570 praeceptore,
2091 3500 2124 3548 ut
2144 3499 2177 3549 et
2199 3506 2283 3567 per·
2333 3495 2334 3498 ’

233 3583 325 3654 petria
346 3573 469 3633 cum'tu
490 3574 673 3632 ohnerrnutia
694 3574 789 3654 colar,
818 3587 849 3636 et
870 3579 934 3654 ipre
957 3588 988 3636 te
1009 3577 1128 3656 plurimi
1148 3575 1253 3636 faciat:
1280 3575 1421 3656 equidem
1443 3575 1514 3634 mihi
1534 3573 1717 3655 persuadeo,
1744 3575 1811 3634 fieri
1832 3595 1892 3636 non
1914 3595 2018 3654 ponne,
2045 3575 2117 3656 quin
2139 3591 2180 3632 ex
2203 3571 2282 3632 oili-

235 3659 299 3719 cina
318 3659 383 3718 eiua
405 3655 571 3737 profectum
593 3657 649 3717 hoc
670 3679 760 3738 opun,
788 3663 883 3720 etiam.
899 3660 954 3719 hoc
975 3662 1038 3739 ipso
1060 3661 1177 3721 nomine
1196 3663 1236 3720 ain
1257 3674 1373 3738 gratum
1393 3660 1554 3723 habiturae.
1606 3660 1755 3720 Pontremo
1783 3659 1854 3720 facit
1882 3659 1938 3720 hoc
1959 3679 2088 3722 nummun
2109 3669 2177 3720 tuun
2199 3675 2281 3736 erga

233 3743 445 3822 rempublicam
468 3741 640 3802 litterariam
660 3762 758 3821 amor,
780 3757 867 3806 notua
888 3747 959 3825 ille,
981 3756 1011 3806 et
1032 3766 1084 3805 nuo
1106 3765 1171 3805 cum
1191 3745 1342 3828 eommodq
1357 3746 1489 3824 cognitur
1510 3745 1661 3824 plurimu,
1683 3755 1732 3824 ut,
1751 3745 1890 3825 ,quicquid
1904 3747 2010 3807 laborin
2023 3745 2062 3805 ad
2076 3763 2142 3806 eam
2156 3761 2281 3822 nugen-

233 3831 302 3892 eam
325 3830 498 3908 nuncipitur,
519 3828 551 3886 id
573 3847 659 3889 omae
681 3831 732 3890 tibi
754 3842 909 3911 acceptum
930 3848 996 3890 esse
1017 3833 1152 3892 remmon.
1201 3831 1266 3892 Erit
1287 3832 1388 3909 itaque
1409 3831 1445 3892 T.
1466 3831 1502 3890 Δ.
1524 3847 1632 3910 opera,
1659 3847 1748 3909 quam
1776 3831 1910 3909 impendi
1936 3833 1967 3890 in
1998 3831 2073 3891 hanc
2100 3829 2283 3906 editionem,

233 3925 315 3975 tanto
336 3917 464 3990 gratior,
493 3923 601 3992 quanto
630 3915 732 3976 iuntiun
753 3926 818 3976 erat
840 3929 888 3994 te,
918 3936 982 3975 curu
1013 3916 1110 3976 ntudia
1138 3933 1205 3976 men
1232 3915 1283 3975 diu
1310 3916 1494 3995 multumque
1523 3915 1688 3976 incredibili
1714 3916 1921 3976 beaevolentia
1948 3915 2086 3996 forianen,
2112 3917 2282 3977 autoritate

234 3999 416 4080 concilioque
437 4011 488 4058 tuo
511 4000 724 4080 promnrinaen,
752 4002 990 4082 liberalitateque
1012 4002 1187 4080 adiurinnen,
1214 4001 1342 4062 fructum
1364 3999 1494 4081 aliquem
1516 4001 1722 4061 collocatorum
1750 4001 1781 4059 in
1803 4018 1851 4061 me
1872 4001 2081 4062 beneficiorum
2102 4003 2282 4081 percipere.

233 4085 338 4164 ltaque
359 4105 426 4144 cum
446 4087 478 4145 in
499 4101 634 4164 magnam
656 4101 739 4167 npcm
761 4087 914 4172 tenuem,
932 4087 999 4148 tore
1020 4087 1097 4148 hauc
1117 4103 1213 4148 meam
1235 4086 1409 4146 induntriam
1430 4086 1496 4146 urui
1516 4086 1633 4163 multia,
1660 4087 1713 4165 qni
1733 4088 1783 4146 rel
1802 4087 1951 4150 Graecum
1972 4087 2076 4168 legere
2097 4087 2283 4166 Euripidem

233 4188 293 4230 uon
316 4180 453 4248 ponent,
475 4169 524 4230 vel
545 4171 761 4246 perdinoendnc
782 4175 903 4251 linguae
924 4173 1019 4250 gratia
1039 4171 1176 4232 conferre
1189 4175 1307 4234 Graeca
1328 4191 1394 4232 cum
1415 4171 1529 4232 Latinio
1550 4180 1711 4250 cuperentr
1730 4173 1873 4254 cogitari,
1893 4175 2064 4235 declarandi
2083 4174 2159 4253 grati
2180 4173 2284 4233 animi

234 4270 307 4332 crgo
327 4251 408 4312 hunc
428 4265 514 4328 tuac,
541 4256 650 4314 Connul
679 4258 926 4336 prudentissime,
952 4258 1145 4340 amplitudini
1172 4256 1436 4318 commendandum
1466 4255 1654 4337 Euripidem,
1685 4259 1736 4338 qui
1763 4259 1851 4318 nimul
1879 4270 1911 4319 ct
1931 4278 2017 4322 meac
2037 4262 2069 4320 ia
2089 4270 2120 4320 tn
2141 4259 2286 4340 pictatio,

234 4350 267 4398 ct
285 4338 321 4424 in
342 4339 554 4418 rempublicam
575 4338 750 4400 litterariam
771 4341 859 4402 ntudii
880 4355 960 4402 ennet
981 4351 1199 4424 argumentum.
1248 4342 1356 4423 decipe
1381 4343 1487 4422 igitur,
1515 4341 1694 4421 praecidium
1716 4353 1747 4404 et
1776 4357 1982 4408 ornamentum
2003 4347 2119 4429 patriae
2141 4345 2283 4406 clarinni-

233 4439 330 4499 mum,
356 4439 375 4481 a
406 4421 488 4483 nobin
509 4420 565 4482 hoc
591 4425 796 4506 qualecunque
823 4430 1027 4488 mununculum
1058 4447 1094 4488 eo
1122 4429 1240 4507 animo,
1266 4447 1325 4507 qun
1347 4437 1378 4488 te
1408 4445 1474 4488 enne
1495 4445 1568 4507 erga
1589 4447 1691 4490 omnen
1718 4429 1909 4494 honentnrum
1931 4435 2039 4496 udum
2057 4431 2203 4496 ntudicnon
2225 4430 2283 4511 (in

126 4527 131 4536 ·
235 4509 339 4589 quibua
358 4523 458 4570 meum
481 4524 590 4568 nomen
611 4508 769 4590 profiteor)
792 4523 951 4592 expertum
971 4515 1083 4578 habear
1111 4531 1260 4594 operaque
1286 4530 1336 4574 nte
1357 4511 1550 4592 effecturum,
1578 4523 1612 4574 at
1632 4517 1761 4596 patriae,
1789 4527 1822 4579 ct
1843 4527 1894 4579 tun
1914 4520 2099 4602 aliorumque
2105 4561 2119 4594 ,
2146 4518 2201 4598 qui
2221 4537 2282 4578 co-

265 4761 301 4824 *)
319 4763 372 4816 llic
391 4763 470 4815 locun
486 4763 591 4830 legitur
608 4763 638 4816 ln
655 4763 749 4828 Eurlp.
769 4763 881 4820 brenta.

265 4857 317 4928 **)
336 4864 384 4924 cn]
401 4863 452 4914 Ed.
471 4861 547 4914 1558.
564 4864 653 4916 muln:
672 4875 734 4916 cam

266 4959 338 5024 Μ)
355 4963 545 5034 invocatione]
564 4967 616 5021 Ed.
631 4965 707 5021 15⁶8.
726 4967 799 5018 mnlc
821 4949 992 5024 dlniuuctimr
1012 4971 1042 5024 ln
1060 4971 1212 5027 vocatione.

266 5055 600 5186 ”xffffi'ss‘ae't
617 5067 652 5118 nd
670 5067 784 5120 solania
802 5080 862 5118 cnm
881 5067 987 5122 crocco
1004 5069 1218 5135 dlnputntloncm
1235 5074 1270 5126 dn
1288 5075 1401 5128 tortam
1416 5077 1550 5145 humana,
1570 5089 1640 5145 conc
1657 5078 1761 5145 legitur
1778 5081 1850 5147 npntl
1867 5080 2000 5134 herodot.
2018 5081 2041 5148 l,
2060 5081 2174 5138 Μ.
2194 5086 2280 5139 cunt.

243 5223 306 5316 'fl
323 5227 355 5280 ln
370 5231 465 5296 Eurlp.
483 5231 664 5298 nuppuctbnn.

228 5375 231 5382 ,
265 5324 729 5394 ††)1naurlp.alppol.ooron.

246 5427 355 5498 κρῆ)
372 5432 405 5485 u
423 5433 517 5500 aurp.
536 5433 681 5491 naum..
692 5437 895 5493 roan-roan.
913 5441 963 5492 aa.
980 5441 1094 5498 auree
