<?xml version="1.0" encoding="UTF-8"?>
<!DOCTYPE html PUBLIC "-//W3C//DTD XHTML 1.0 Transitional//EN"
    "http://www.w3.org/TR/xhtml1/DTD/xhtml1-transitional.dtd">
<html xmlns="http://www.w3.org/1999/xhtml" xml:lang="en" lang="en">
 <head>
  <title>
</title>
<meta http-equiv="Content-Type" content="text/html;charset=utf-8" />
  <meta name='ocr-system' content='tesseract 3.04.00' />
  <meta name='ocr-capabilities' content='ocr_page ocr_carea ocr_par ocr_line ocrx_word'/>
</head>
<body>
  <div class='ocr_page' id='page_1' title='image "./corpusreformato17melagoog/corpusreformato17melagoog_0048.png"; bbox 0 0 4700 5808; ppageno 0'>
   <div class='ocr_carea' id='block_1_1' title="bbox 76 223 1881 350">
    <p class='ocr_par' dir='ltr' id='par_1_1' title="bbox 76 223 1881 350">
     <span class='ocr_line' id='line_1_1' title="bbox 76 223 1881 350; baseline 0 -19"><span class='ocrx_word' id='word_1_1' title='bbox 76 264 111 342; x_wconf 77' lang='grc'><strong>67</strong></span> <span class='ocrx_word' id='word_1_2' title='bbox 208 257 344 332; x_wconf 82' lang='lat' dir='ltr'>XLVII.</span> <span class='ocrx_word' id='word_1_3' title='bbox 389 257 789 334; x_wconf 76' lang='lat' dir='ltr'>INTERPRETATIO</span> <span class='ocrx_word' id='word_1_4' title='bbox 815 255 989 330; x_wconf 79' lang='lat' dir='ltr'>OPERIS</span> <span class='ocrx_word' id='word_1_5' title='bbox 1013 223 1399 350; x_wconf 61' lang='lat' dir='ltr'><strong>QUADRldeTlTl</strong></span> <span class='ocrx_word' id='word_1_6' title='bbox 1423 257 1707 330; x_wconf 80' lang='lat' dir='ltr'><strong>PTOLEMAEI</strong></span> <span class='ocrx_word' id='word_1_7' title='bbox 1732 257 1822 331; x_wconf 92' lang='lat' dir='ltr'><strong>LlB.</strong></span> <span class='ocrx_word' id='word_1_8' title='bbox 1838 257 1881 332; x_wconf 89' lang='lat' dir='ltr'><strong>tl.</strong></span> 
     </span>
    </p>
   </div>
   <div class='ocr_carea' id='block_1_2' title="bbox 74 431 1026 1036">
    <p class='ocr_par' dir='ltr' id='par_1_2' title="bbox 74 431 1026 1036">
     <span class='ocr_line' id='line_1_2' title="bbox 76 431 1026 524; baseline -0.006 -20"><span class='ocrx_word' id='word_1_9' title='bbox 76 443 281 504; x_wconf 74' lang='lat' dir='ltr'><strong>ammoneant</strong></span> <span class='ocrx_word' id='word_1_10' title='bbox 293 445 357 502; x_wconf 84' lang='lat' dir='ltr'><strong>eut</strong></span> <span class='ocrx_word' id='word_1_11' title='bbox 369 431 438 524; x_wconf 86' lang='lat' dir='ltr'><strong>ipsi</strong></span> <span class='ocrx_word' id='word_1_12' title='bbox 452 433 637 523; x_wconf 81' lang='lat' dir='ltr'><strong>planetae,</strong></span> <span class='ocrx_word' id='word_1_13' title='bbox 649 456 652 466; x_wconf 92' lang='lat'>·</span> <span class='ocrx_word' id='word_1_14' title='bbox 663 443 726 502; x_wconf 82' lang='lat' dir='ltr'><strong>aut</strong></span> <span class='ocrx_word' id='word_1_15' title='bbox 741 431 924 521; x_wconf 85' lang='lat' dir='ltr'><strong>signorum</strong></span> <span class='ocrx_word' id='word_1_16' title='bbox 942 453 1026 522; x_wconf 83' lang='lat' dir='ltr'><strong>par-</strong></span> 
     </span>
     <span class='ocr_line' id='line_1_3' title="bbox 77 534 1025 627; baseline -0.008 -19"><span class='ocrx_word' id='word_1_17' title='bbox 77 553 124 618; x_wconf 86' lang='lat' dir='ltr'><strong>tes,</strong></span> <span class='ocrx_word' id='word_1_18' title='bbox 147 535 311 627; x_wconf 82' lang='lat' dir='ltr'>inquibus</span> <span class='ocrx_word' id='word_1_19' title='bbox 328 534 499 614; x_wconf 88' lang='lat' dir='ltr'><strong>existunt;</strong></span> <span class='ocrx_word' id='word_1_20' title='bbox 533 547 719 625; x_wconf 92' lang='lat' dir='ltr'><strong>praeterea</strong></span> <span class='ocrx_word' id='word_1_21' title='bbox 744 535 783 602; x_wconf 91' lang='lat' dir='ltr'><strong>in</strong></span> <span class='ocrx_word' id='word_1_22' title='bbox 808 556 1025 626; x_wconf 59' lang='lat' dir='ltr'><strong>quem‘ren·</strong></span> 
     </span>
     <span class='ocr_line' id='line_1_4' title="bbox 75 635 1025 736; baseline -0.006 -28"><span class='ocrx_word' id='word_1_23' title='bbox 75 653 128 708; x_wconf 89' lang='lat' dir='ltr'><strong>tun</strong></span> <span class='ocrx_word' id='word_1_24' title='bbox 151 647 258 726; x_wconf 87' lang='lat' dir='ltr'><strong>vergat</strong></span> <span class='ocrx_word' id='word_1_25' title='bbox 289 649 395 730; x_wconf 88' lang='lat' dir='ltr'><strong>atque</strong></span> <span class='ocrx_word' id='word_1_26' title='bbox 429 637 578 706; x_wconf 82' lang='lat' dir='ltr'><strong>inclinet</strong></span> <span class='ocrx_word' id='word_1_27' title='bbox 597 635 699 706; x_wconf 89' lang='lat' dir='ltr'><strong>Luna</strong></span> <span class='ocrx_word' id='word_1_28' title='bbox 733 636 922 736; x_wconf 91' lang='lat' dir='ltr'><strong>latitudine</strong></span> <span class='ocrx_word' id='word_1_29' title='bbox 949 659 1025 718; x_wconf 90' lang='lat' dir='ltr'><strong>sua,</strong></span> 
     </span>
     <span class='ocr_line' id='line_1_5' title="bbox 74 737 1025 832; baseline -0.002 -22"><span class='ocrx_word' id='word_1_30' title='bbox 74 742 224 810; x_wconf 73' lang='lat' dir='ltr'><strong>reundum</strong></span> <span class='ocrx_word' id='word_1_31' title='bbox 257 737 438 830; x_wconf 79' lang='lat' dir='ltr'><strong>eclipticas</strong></span> <span class='ocrx_word' id='word_1_32' title='bbox 473 738 733 832; x_wconf 78' lang='lat' dir='ltr'><strong>obliquitatem.</strong></span> <span class='ocrx_word' id='word_1_33' title='bbox 807 737 861 806; x_wconf 85' lang='lat' dir='ltr'><strong>Ex</strong></span> <span class='ocrx_word' id='word_1_34' title='bbox 897 737 1025 828; x_wconf 92' lang='lat' dir='ltr'><strong>quibus</strong></span> 
     </span>
     <span class='ocr_line' id='line_1_6' title="bbox 77 837 1025 935; baseline 0 -25"><span class='ocrx_word' id='word_1_35' title='bbox 77 842 201 910; x_wconf 84' lang='lat' dir='ltr'><strong>omnibus</strong></span> <span class='ocrx_word' id='word_1_36' title='bbox 225 837 374 933; x_wconf 91' lang='lat' dir='ltr'><strong>(notatis</strong></span> <span class='ocrx_word' id='word_1_37' title='bbox 397 839 616 935; x_wconf 90' lang='lat' dir='ltr'><strong>potioribus)</strong></span> <span class='ocrx_word' id='word_1_38' title='bbox 643 841 817 909; x_wconf 80' lang='lat' dir='ltr'><strong>mensium</strong></span> <span class='ocrx_word' id='word_1_39' title='bbox 845 841 1025 929; x_wconf 75' lang='lat' dir='ltr'><strong>generales</strong></span> 
     </span>
     <span class='ocr_line' id='line_1_7' title="bbox 76 943 885 1036; baseline -0.002 -23"><span class='ocrx_word' id='word_1_40' title='bbox 76 957 153 1013; x_wconf 84' lang='lat' dir='ltr'><strong>status</strong></span> <span class='ocrx_word' id='word_1_41' title='bbox 167 967 202 1010; x_wconf 90' lang='lat' dir='ltr'><strong>ac</strong></span> <span class='ocrx_word' id='word_1_42' title='bbox 218 954 342 1012; x_wconf 89' lang='lat' dir='ltr'><strong>ventos</strong></span> <span class='ocrx_word' id='word_1_43' title='bbox 355 965 656 1036; x_wconf 80' lang='lat' dir='ltr'><strong>praecognoscere</strong></span> <span class='ocrx_word' id='word_1_44' title='bbox 675 943 885 1036; x_wconf 85' lang='lat' dir='ltr'><strong>poterimus.</strong></span> 
     </span>
    </p>
   </div>
   <div class='ocr_carea' id='block_1_3' title="bbox 73 1059 1064 2662">
    <p class='ocr_par' dir='ltr' id='par_1_3' title="bbox 73 1059 1064 2662">
     <span class='ocr_line' id='line_1_8' title="bbox 145 1059 1025 1132; baseline -0.001 -5"><span class='ocrx_word' id='word_1_45' title='bbox 145 1060 256 1128; x_wconf 86' lang='lat' dir='ltr'><strong>Tertia</strong></span> <span class='ocrx_word' id='word_1_46' title='bbox 282 1059 376 1128; x_wconf 88' lang='lat' dir='ltr'><strong>ratio</strong></span> <span class='ocrx_word' id='word_1_47' title='bbox 401 1073 453 1130; x_wconf 92' lang='lat' dir='ltr'><strong>est</strong></span> <span class='ocrx_word' id='word_1_48' title='bbox 476 1061 672 1132; x_wconf 86' lang='lat' dir='ltr'><strong>subtilioris</strong></span> <span class='ocrx_word' id='word_1_49' title='bbox 697 1063 880 1130; x_wconf 89' lang='lat' dir='ltr'><strong>cuiusdam</strong></span> <span class='ocrx_word' id='word_1_50' title='bbox 906 1060 1025 1128; x_wconf 90' lang='lat' dir='ltr'><strong>obser-</strong></span> 
     </span>
     <span class='ocr_line' id='line_1_9' title="bbox 74 1161 1026 1259; baseline -0.002 -29"><span class='ocrx_word' id='word_1_51' title='bbox 74 1161 189 1230; x_wconf 74' lang='lat' dir='ltr'><strong>vationis</strong></span> <span class='ocrx_word' id='word_1_52' title='bbox 214 1161 464 1259; x_wconf 86' lang='lat' dir='ltr'><strong>remissionum</strong></span> <span class='ocrx_word' id='word_1_53' title='bbox 494 1177 529 1232; x_wconf 90' lang='lat' dir='ltr'><strong>et</strong></span> <span class='ocrx_word' id='word_1_54' title='bbox 559 1163 822 1247; x_wconf 90' lang='lat' dir='ltr'><strong>intensionum,</strong></span> <span class='ocrx_word' id='word_1_55' title='bbox 866 1186 935 1256; x_wconf 80' lang='lat' dir='ltr'><strong>qua</strong></span> <span class='ocrx_word' id='word_1_56' title='bbox 960 1169 1026 1228; x_wconf 65' lang='lat' dir='ltr'><strong>noss</strong></span> 
     </span>
     <span class='ocr_line' id='line_1_10' title="bbox 75 1257 1025 1359; baseline 0.001 -28"><span class='ocrx_word' id='word_1_57' title='bbox 75 1267 167 1332; x_wconf 84' lang='lat' dir='ltr'><strong>laudae</strong></span> <span class='ocrx_word' id='word_1_58' title='bbox 184 1277 264 1332; x_wconf 92' lang='lat' dir='ltr'><strong>sunt</strong></span> <span class='ocrx_word' id='word_1_59' title='bbox 285 1265 378 1334; x_wconf 86' lang='lat' dir='ltr'><strong>Solis</strong></span> <span class='ocrx_word' id='word_1_60' title='bbox 395 1257 591 1359; x_wconf 78' lang='lat' dir='ltr'><strong>Lunaeque</strong></span> <span class='ocrx_word' id='word_1_61' title='bbox 616 1267 849 1356; x_wconf 74' lang='lat' dir='ltr'><strong>particulares</strong></span> <span class='ocrx_word' id='word_1_62' title='bbox 870 1265 1025 1354; x_wconf 85' lang='lat' dir='ltr'><strong>configu-</strong></span> 
     </span>
     <span class='ocr_line' id='line_1_11' title="bbox 74 1365 1025 1460; baseline 0.002 -26"><span class='ocrx_word' id='word_1_63' title='bbox 74 1367 209 1448; x_wconf 84' lang='lat' dir='ltr'><strong>rationes,</strong></span> <span class='ocrx_word' id='word_1_64' title='bbox 236 1391 310 1434; x_wconf 91' lang='lat' dir='ltr'><strong>uon</strong></span> <span class='ocrx_word' id='word_1_65' title='bbox 332 1367 446 1436; x_wconf 91' lang='lat' dir='ltr'><strong>solum</strong></span> <span class='ocrx_word' id='word_1_66' title='bbox 470 1369 508 1434; x_wconf 92' lang='lat' dir='ltr'><strong>in</strong></span> <span class='ocrx_word' id='word_1_67' title='bbox 531 1369 732 1438; x_wconf 91' lang='lat' dir='ltr'><strong>interluniis</strong></span> <span class='ocrx_word' id='word_1_68' title='bbox 759 1382 792 1440; x_wconf 88' lang='lat' dir='ltr'><strong>et</strong></span> <span class='ocrx_word' id='word_1_69' title='bbox 808 1365 1025 1460; x_wconf 87' lang='lat' dir='ltr'><strong>pleniluniis,</strong></span> 
     </span>
     <span class='ocr_line' id='line_1_12' title="bbox 76 1465 1025 1564; baseline 0.001 -30"><span class='ocrx_word' id='word_1_70' title='bbox 76 1467 215 1534; x_wconf 88' lang='lat' dir='ltr'><strong>sedetiam</strong></span> <span class='ocrx_word' id='word_1_71' title='bbox 231 1465 360 1538; x_wconf 90' lang='lat' dir='ltr'><strong>harum</strong></span> <span class='ocrx_word' id='word_1_72' title='bbox 376 1469 532 1555; x_wconf 88' lang='lat' dir='ltr'><strong>mediae,</strong></span> <span class='ocrx_word' id='word_1_73' title='bbox 560 1471 595 1540; x_wconf 93' lang='lat' dir='ltr'><strong>id</strong></span> <span class='ocrx_word' id='word_1_74' title='bbox 616 1484 685 1555; x_wconf 89' lang='lat' dir='ltr'><strong>cst,</strong></span> <span class='ocrx_word' id='word_1_75' title='bbox 713 1472 920 1564; x_wconf 85' lang='lat' dir='ltr'><strong>quadratae.</strong></span> <span class='ocrx_word' id='word_1_76' title='bbox 955 1467 1025 1536; x_wconf 89' lang='lat' dir='ltr'><strong>Ubi</strong></span> 
     </span>
     <span class='ocr_line' id='line_1_13' title="bbox 76 1567 1023 1666; baseline 0.003 -33"><span class='ocrx_word' id='word_1_77' title='bbox 76 1571 411 1654; x_wconf 80' lang='lat' dir='ltr'><strong>animadvertendum,</strong></span> <span class='ocrx_word' id='word_1_78' title='bbox 449 1574 568 1641; x_wconf 89' lang='lat' dir='ltr'><strong>triduo</strong></span> <span class='ocrx_word' id='word_1_79' title='bbox 601 1575 673 1642; x_wconf 87' lang='lat' dir='ltr'><strong>lere</strong></span> <span class='ocrx_word' id='word_1_80' title='bbox 706 1587 899 1666; x_wconf 89' lang='lat' dir='ltr'><strong>autequam</strong></span> <span class='ocrx_word' id='word_1_81' title='bbox 923 1567 1023 1640; x_wconf 92' lang='lat' dir='ltr'><strong>Luna</strong></span> 
     </span>
     <span class='ocr_line' id='line_1_14' title="bbox 77 1673 1025 1768; baseline 0.005 -31"><span class='ocrx_word' id='word_1_82' title='bbox 77 1695 222 1740; x_wconf 89' lang='lat' dir='ltr'><strong>rursusuo</strong></span> <span class='ocrx_word' id='word_1_83' title='bbox 244 1673 321 1741; x_wconf 93' lang='lat' dir='ltr'><strong>Soli</strong></span> <span class='ocrx_word' id='word_1_84' title='bbox 348 1689 584 1768; x_wconf 83' lang='lat' dir='ltr'><strong>exaequatur,</strong></span> <span class='ocrx_word' id='word_1_85' title='bbox 617 1675 653 1743; x_wconf 93' lang='lat' dir='ltr'><strong>id</strong></span> <span class='ocrx_word' id='word_1_86' title='bbox 682 1687 752 1758; x_wconf 92' lang='lat' dir='ltr'><strong>cst,</strong></span> <span class='ocrx_word' id='word_1_87' title='bbox 792 1675 912 1743; x_wconf 90' lang='lat' dir='ltr'><strong>triduo</strong></span> <span class='ocrx_word' id='word_1_88' title='bbox 944 1686 1025 1742; x_wconf 89' lang='lat' dir='ltr'><strong>ante</strong></span> 
     </span>
     <span class='ocr_line' id='line_1_15' title="bbox 75 1775 1026 1870; baseline 0.003 -32"><span class='ocrx_word' id='word_1_89' title='bbox 75 1776 289 1864; x_wconf 82' lang='lat' dir='ltr'><strong>quadraturas,</strong></span> <span class='ocrx_word' id='word_1_90' title='bbox 322 1799 584 1870; x_wconf 90' lang='lat' dir='ltr'><strong>nonnunquam</strong></span> <span class='ocrx_word' id='word_1_91' title='bbox 604 1789 638 1844; x_wconf 90' lang='lat' dir='ltr'><strong>et</strong></span> <span class='ocrx_word' id='word_1_92' title='bbox 654 1777 773 1846; x_wconf 90' lang='lat' dir='ltr'><strong>triduo</strong></span> <span class='ocrx_word' id='word_1_93' title='bbox 790 1789 889 1869; x_wconf 91' lang='lat' dir='ltr'><strong>post,</strong></span> <span class='ocrx_word' id='word_1_94' title='bbox 918 1775 1026 1866; x_wconf 89' lang='lat' dir='ltr'><strong>signi-</strong></span> 
     </span>
     <span class='ocr_line' id='line_1_16' title="bbox 75 1875 1064 1972; baseline 0.007 -32"><span class='ocrx_word' id='word_1_95' title='bbox 75 1875 214 1946; x_wconf 81' lang='lat' dir='ltr'><strong>ficationes</strong></span> <span class='ocrx_word' id='word_1_96' title='bbox 236 1877 480 1950; x_wconf 88' lang='lat' dir='ltr'><strong>mutationum</strong></span> <span class='ocrx_word' id='word_1_97' title='bbox 504 1903 579 1948; x_wconf 90' lang='lat' dir='ltr'><strong>sese</strong></span> <span class='ocrx_word' id='word_1_98' title='bbox 602 1903 788 1972; x_wconf 87' lang='lat' dir='ltr'><strong>promere,</strong></span> <span class='ocrx_word' id='word_1_99' title='bbox 829 1904 909 1947; x_wconf 90' lang='lat' dir='ltr'><strong>cum</strong></span> <span class='ocrx_word' id='word_1_100' title='bbox 943 1903 1026 1970; x_wconf 87' lang='lat' dir='ltr'><strong>pro·</strong></span> <span class='ocrx_word' id='word_1_101' title='bbox 1060 1907 1064 1926; x_wconf 77' lang='lat'><strong>¹</strong></span> 
     </span>
     <span class='ocr_line' id='line_1_17' title="bbox 74 1973 1024 2071; baseline 0.005 -30"><span class='ocrx_word' id='word_1_102' title='bbox 74 1973 200 2064; x_wconf 88' lang='lat' dir='ltr'><strong>pterhos</strong></span> <span class='ocrx_word' id='word_1_103' title='bbox 223 1979 320 2069; x_wconf 86' lang='lat' dir='ltr'><strong>ipsos</strong></span> <span class='ocrx_word' id='word_1_104' title='bbox 341 1981 498 2071; x_wconf 92' lang='lat' dir='ltr'><strong>positus,</strong></span> <span class='ocrx_word' id='word_1_105' title='bbox 538 1992 613 2048; x_wconf 92' lang='lat' dir='ltr'><strong>tum</strong></span> <span class='ocrx_word' id='word_1_106' title='bbox 647 1993 681 2048; x_wconf 90' lang='lat' dir='ltr'><strong>et</strong></span> <span class='ocrx_word' id='word_1_107' title='bbox 710 1981 818 2065; x_wconf 89' lang='lat' dir='ltr'><strong>alios,</strong></span> <span class='ocrx_word' id='word_1_108' title='bbox 853 1979 1024 2049; x_wconf 88' lang='lat' dir='ltr'><strong>nimirum</strong></span> 
     </span>
     <span class='ocr_line' id='line_1_18' title="bbox 75 2078 1025 2174; baseline 0.006 -32"><span class='ocrx_word' id='word_1_109' title='bbox 75 2078 194 2167; x_wconf 82' lang='lat' dir='ltr'><strong>trigonus</strong></span> <span class='ocrx_word' id='word_1_110' title='bbox 210 2083 415 2172; x_wconf 89' lang='lat' dir='ltr'><strong>adspectus,</strong></span> <span class='ocrx_word' id='word_1_111' title='bbox 442 2094 476 2149; x_wconf 94' lang='lat' dir='ltr'><strong>et</strong></span> <span class='ocrx_word' id='word_1_112' title='bbox 491 2105 707 2173; x_wconf 89' lang='lat' dir='ltr'><strong>sexagonos,</strong></span> <span class='ocrx_word' id='word_1_113' title='bbox 734 2107 775 2151; x_wconf 89' lang='lat' dir='ltr'><strong>ac</strong></span> <span class='ocrx_word' id='word_1_114' title='bbox 798 2083 1025 2174; x_wconf 90' lang='lat' dir='ltr'><strong>planetarum</strong></span> 
     </span>
     <span class='ocr_line' id='line_1_19' title="bbox 73 2180 1027 2278; baseline 0.008 -33"><span class='ocrx_word' id='word_1_115' title='bbox 73 2193 252 2250; x_wconf 82' lang='lat' dir='ltr'><strong>caeterorum</strong></span> <span class='ocrx_word' id='word_1_116' title='bbox 277 2207 359 2251; x_wconf 91' lang='lat' dir='ltr'><strong>cum</strong></span> <span class='ocrx_word' id='word_1_117' title='bbox 373 2180 476 2251; x_wconf 80' lang='lat' dir='ltr'><strong>Lerna</strong></span> <span class='ocrx_word' id='word_1_118' title='bbox 502 2187 814 2278; x_wconf 82' lang='lat' dir='ltr'><strong>configurationes.</strong></span> <span class='ocrx_word' id='word_1_119' title='bbox 866 2184 958 2254; x_wconf 86' lang='lat' dir='ltr'><strong>Nam</strong></span> <span class='ocrx_word' id='word_1_120' title='bbox 985 2208 1027 2253; x_wconf 91' lang='lat' dir='ltr'><strong>ex</strong></span> 
     </span>
     <span class='ocr_line' id='line_1_20' title="bbox 74 2273 1027 2380; baseline 0.01 -34"><span class='ocrx_word' id='word_1_121' title='bbox 74 2273 165 2350; x_wconf 87' lang='lat' dir='ltr'><strong>herum</strong></span> <span class='ocrx_word' id='word_1_122' title='bbox 180 2298 306 2354; x_wconf 90' lang='lat' dir='ltr'><strong>natura</strong></span> <span class='ocrx_word' id='word_1_123' title='bbox 325 2286 579 2355; x_wconf 85' lang='lat' dir='ltr'><strong>convenienter</strong></span> <span class='ocrx_word' id='word_1_124' title='bbox 598 2287 807 2358; x_wconf 89' lang='lat' dir='ltr'><strong>mutationis</strong></span> <span class='ocrx_word' id='word_1_125' title='bbox 825 2285 1027 2380; x_wconf 90' lang='lat' dir='ltr'><strong>proprietas</strong></span> 
     </span>
     <span class='ocr_line' id='line_1_21' title="bbox 74 2383 1025 2481; baseline 0.008 -33"><span class='ocrx_word' id='word_1_126' title='bbox 74 2383 337 2472; x_wconf 82' lang='lat' dir='ltr'><strong>deprehenditur,</strong></span> <span class='ocrx_word' id='word_1_127' title='bbox 390 2413 480 2481; x_wconf 91' lang='lat' dir='ltr'><strong>quae</strong></span> <span class='ocrx_word' id='word_1_128' title='bbox 525 2391 718 2480; x_wconf 88' lang='lat' dir='ltr'><strong>respondet</strong></span> <span class='ocrx_word' id='word_1_129' title='bbox 754 2389 1025 2480; x_wconf 87' lang='lat' dir='ltr'><strong>adspicientium</strong></span> 
     </span>
     <span class='ocr_line' id='line_1_22' title="bbox 73 2487 1028 2580; baseline 0.01 -30"><span class='ocrx_word' id='word_1_130' title='bbox 73 2487 210 2557; x_wconf 82' lang='lat' dir='ltr'><strong>stellarum</strong></span> <span class='ocrx_word' id='word_1_131' title='bbox 244 2501 281 2559; x_wconf 94' lang='lat' dir='ltr'><strong>et</strong></span> <span class='ocrx_word' id='word_1_132' title='bbox 308 2490 492 2578; x_wconf 90' lang='lat' dir='ltr'><strong>signorum</strong></span> <span class='ocrx_word' id='word_1_133' title='bbox 531 2516 614 2580; x_wconf 90' lang='lat' dir='ltr'><strong>erga</strong></span> <span class='ocrx_word' id='word_1_134' title='bbox 651 2493 931 2562; x_wconf 87' lang='lat' dir='ltr'><strong>circumdantem</strong></span> <span class='ocrx_word' id='word_1_135' title='bbox 961 2515 1028 2560; x_wconf 91' lang='lat' dir='ltr'><strong>nos</strong></span> 
     </span>
     <span class='ocr_line' id='line_1_23' title="bbox 75 2592 639 2662; baseline 0.014 -9"><span class='ocrx_word' id='word_1_136' title='bbox 75 2609 156 2656; x_wconf 86' lang='lat' dir='ltr'><strong>aerem</strong></span> <span class='ocrx_word' id='word_1_137' title='bbox 179 2615 217 2659; x_wconf 90' lang='lat' dir='ltr'><strong>ac</strong></span> <span class='ocrx_word' id='word_1_138' title='bbox 238 2604 368 2661; x_wconf 90' lang='lat' dir='ltr'><strong>ventos</strong></span> <span class='ocrx_word' id='word_1_139' title='bbox 391 2592 639 2662; x_wconf 87' lang='lat' dir='ltr'><strong>familiaritati.</strong></span> 
     </span>
    </p>
   </div>
   <div class='ocr_carea' id='block_1_4' title="bbox 72 2707 1028 3401">
    <p class='ocr_par' dir='ltr' id='par_1_4' title="bbox 72 2707 1028 3401">
     <span class='ocr_line' id='line_1_24' title="bbox 139 2707 1027 2805; baseline 0 -29"><span class='ocrx_word' id='word_1_140' title='bbox 139 2709 265 2782; x_wconf 88' lang='lat' dir='ltr'><strong>Verum</strong></span> <span class='ocrx_word' id='word_1_141' title='bbox 282 2707 412 2782; x_wconf 89' lang='lat' dir='ltr'><strong>harum</strong></span> <span class='ocrx_word' id='word_1_142' title='bbox 428 2713 585 2804; x_wconf 90' lang='lat' dir='ltr'><strong>ipsarum</strong></span> <span class='ocrx_word' id='word_1_143' title='bbox 604 2711 875 2805; x_wconf 86' lang='lat' dir='ltr'><strong>particularium</strong></span> <span class='ocrx_word' id='word_1_144' title='bbox 898 2711 1027 2784; x_wconf 89' lang='lat' dir='ltr'><strong>consti-</strong></span> 
     </span>
     <span class='ocr_line' id='line_1_25' title="bbox 74 2812 1027 2907; baseline 0.005 -32"><span class='ocrx_word' id='word_1_145' title='bbox 74 2812 209 2882; x_wconf 88' lang='lat' dir='ltr'><strong>tutionum</strong></span> <span class='ocrx_word' id='word_1_146' title='bbox 233 2813 457 2884; x_wconf 88' lang='lat' dir='ltr'><strong>intensiones</strong></span> <span class='ocrx_word' id='word_1_147' title='bbox 481 2816 752 2886; x_wconf 89' lang='lat' dir='ltr'><strong>remissionesve</strong></span> <span class='ocrx_word' id='word_1_148' title='bbox 775 2815 866 2886; x_wconf 85' lang='lat' dir='ltr'><strong>liunt</strong></span> <span class='ocrx_word' id='word_1_149' title='bbox 886 2813 1027 2907; x_wconf 88' lang='lat' dir='ltr'><strong>potissi-</strong></span> 
     </span>
     <span class='ocr_line' id='line_1_26' title="bbox 72 2917 1027 3012; baseline 0.005 -33"><span class='ocrx_word' id='word_1_150' title='bbox 72 2937 156 3000; x_wconf 79' lang='lat' dir='ltr'><strong>nurn,</strong></span> <span class='ocrx_word' id='word_1_151' title='bbox 179 2918 238 2987; x_wconf 93' lang='lat' dir='ltr'><strong>ubi</strong></span> <span class='ocrx_word' id='word_1_152' title='bbox 253 2917 495 2988; x_wconf 88' lang='lat' dir='ltr'><strong>inerrantium</strong></span> <span class='ocrx_word' id='word_1_153' title='bbox 511 2920 695 2988; x_wconf 90' lang='lat' dir='ltr'><strong>stellarum</strong></span> <span class='ocrx_word' id='word_1_154' title='bbox 720 2943 802 3002; x_wconf 88' lang='lat' dir='ltr'><strong>eae,</strong></span> <span class='ocrx_word' id='word_1_155' title='bbox 836 2941 928 3012; x_wconf 90' lang='lat' dir='ltr'><strong>quae</strong></span> <span class='ocrx_word' id='word_1_156' title='bbox 950 2942 1027 2986; x_wconf 90' lang='lat' dir='ltr'><strong>ma·</strong></span> 
     </span>
     <span class='ocr_line' id='line_1_27' title="bbox 72 3015 1028 3112; baseline 0.006 -30"><span class='ocrx_word' id='word_1_157' title='bbox 72 3015 136 3084; x_wconf 89' lang='lat' dir='ltr'><strong>rine</strong></span> <span class='ocrx_word' id='word_1_158' title='bbox 148 3019 296 3092; x_wconf 91' lang='lat' dir='ltr'><strong>illustres</strong></span> <span class='ocrx_word' id='word_1_159' title='bbox 310 3033 395 3092; x_wconf 88' lang='lat' dir='ltr'><strong>sunt</strong></span> <span class='ocrx_word' id='word_1_160' title='bbox 411 3033 446 3090; x_wconf 88' lang='lat' dir='ltr'><strong>et</strong></span> <span class='ocrx_word' id='word_1_161' title='bbox 461 3022 638 3103; x_wconf 83' lang='lat' dir='ltr'><strong>efficaces,</strong></span> <span class='ocrx_word' id='word_1_162' title='bbox 673 3045 779 3090; x_wconf 87' lang='lat' dir='ltr'><strong>mane</strong></span> <span class='ocrx_word' id='word_1_163' title='bbox 805 3033 868 3092; x_wconf 90' lang='lat' dir='ltr'><strong>aut</strong></span> <span class='ocrx_word' id='word_1_164' title='bbox 888 3019 1028 3112; x_wconf 90' lang='lat' dir='ltr'><strong>vesperi</strong></span> 
     </span>
     <span class='ocr_line' id='line_1_28' title="bbox 72 3117 1027 3216; baseline 0.01 -31"><span class='ocrx_word' id='word_1_165' title='bbox 72 3117 209 3208; x_wconf 81' lang='lat' dir='ltr'><strong>lulserint,</strong></span> <span class='ocrx_word' id='word_1_166' title='bbox 242 3150 326 3194; x_wconf 86' lang='lat' dir='ltr'><strong>cunr</strong></span> <span class='ocrx_word' id='word_1_167' title='bbox 350 3124 473 3216; x_wconf 88' lang='lat' dir='ltr'><strong>ipsove</strong></span> <span class='ocrx_word' id='word_1_168' title='bbox 496 3123 578 3192; x_wconf 88' lang='lat' dir='ltr'><strong>Sole</strong></span> <span class='ocrx_word' id='word_1_169' title='bbox 605 3124 816 3194; x_wconf 84' lang='lat' dir='ltr'><strong>emerserint</strong></span> <span class='ocrx_word' id='word_1_170' title='bbox 838 3135 900 3196; x_wconf 85' lang='lat' dir='ltr'><strong>aut</strong></span> <span class='ocrx_word' id='word_1_171' title='bbox 923 3125 1027 3194; x_wconf 90' lang='lat' dir='ltr'><strong>decu·</strong></span> 
     </span>
     <span class='ocr_line' id='line_1_29' title="bbox 72 3217 1026 3322; baseline 0.008 -36"><span class='ocrx_word' id='word_1_172' title='bbox 72 3217 184 3298; x_wconf 87' lang='lat' dir='ltr'><strong>luerint.</strong></span> <span class='ocrx_word' id='word_1_173' title='bbox 232 3225 380 3296; x_wconf 86' lang='lat' dir='ltr'><strong>Etenim</strong></span> <span class='ocrx_word' id='word_1_174' title='bbox 397 3227 608 3322; x_wconf 88' lang='lat' dir='ltr'><strong>plerumque</strong></span> <span class='ocrx_word' id='word_1_175' title='bbox 625 3226 878 3318; x_wconf 88' lang='lat' dir='ltr'><strong>particularem</strong></span> <span class='ocrx_word' id='word_1_176' title='bbox 896 3237 1026 3296; x_wconf 89' lang='lat' dir='ltr'><strong>statum</strong></span> 
     </span>
     <span class='ocr_line' id='line_1_30' title="bbox 74 3325 857 3401; baseline 0.015 -13"><span class='ocrx_word' id='word_1_177' title='bbox 74 3325 242 3398; x_wconf 88' lang='lat' dir='ltr'><strong>admodum</strong></span> <span class='ocrx_word' id='word_1_178' title='bbox 256 3353 407 3401; x_wconf 87' lang='lat' dir='ltr'><strong>suarum</strong></span> <span class='ocrx_word' id='word_1_179' title='bbox 421 3343 632 3401; x_wconf 86' lang='lat' dir='ltr'><strong>naturarum</strong></span> <span class='ocrx_word' id='word_1_180' title='bbox 652 3329 857 3400; x_wconf 85' lang='lat' dir='ltr'><strong>immutant.</strong></span> 
     </span>
    </p>
   </div>
   <div class='ocr_carea' id='block_1_5' title="bbox 73 3445 1030 4874">
    <p class='ocr_par' dir='ltr' id='par_1_5' title="bbox 73 3445 1030 4874">
     <span class='ocr_line' id='line_1_31' title="bbox 141 3445 1027 3532; baseline 0 -16"><span class='ocrx_word' id='word_1_181' title='bbox 141 3445 230 3520; x_wconf 88' lang='lat' dir='ltr'><strong>ldem</strong></span> <span class='ocrx_word' id='word_1_182' title='bbox 252 3450 487 3521; x_wconf 85' lang='lat' dir='ltr'><strong>iudicandum</strong></span> <span class='ocrx_word' id='word_1_183' title='bbox 517 3464 569 3522; x_wconf 91' lang='lat' dir='ltr'><strong>est</strong></span> <span class='ocrx_word' id='word_1_184' title='bbox 599 3449 762 3532; x_wconf 89' lang='lat' dir='ltr'><strong>evenire,</strong></span> <span class='ocrx_word' id='word_1_185' title='bbox 800 3449 863 3518; x_wconf 91' lang='lat' dir='ltr'><strong>ubi</strong></span> <span class='ocrx_word' id='word_1_186' title='bbox 890 3446 1027 3518; x_wconf 92' lang='lat' dir='ltr'><strong>lumina</strong></span> 
     </span>
     <span class='ocr_line' id='line_1_32' title="bbox 74 3547 1028 3624; baseline 0.003 -10"><span class='ocrx_word' id='word_1_187' title='bbox 74 3549 195 3620; x_wconf 69' lang='lat' dir='ltr'><strong>aflines</strong></span> <span class='ocrx_word' id='word_1_188' title='bbox 208 3565 409 3624; x_wconf 89' lang='lat' dir='ltr'><strong>transeunt.</strong></span> <span class='ocrx_word' id='word_1_189' title='bbox 459 3555 516 3624; x_wconf 81' lang='lat' dir='ltr'><strong>Ad</strong></span> <span class='ocrx_word' id='word_1_190' title='bbox 534 3554 640 3622; x_wconf 91' lang='lat' dir='ltr'><strong>talem</strong></span> <span class='ocrx_word' id='word_1_191' title='bbox 659 3553 756 3622; x_wconf 89' lang='lat' dir='ltr'><strong>enirn</strong></span> <span class='ocrx_word' id='word_1_192' title='bbox 779 3577 904 3622; x_wconf 78' lang='lat' dir='ltr'><strong>curram</strong></span> <span class='ocrx_word' id='word_1_193' title='bbox 928 3547 1028 3620; x_wconf 88' lang='lat' dir='ltr'><strong>habi-</strong></span> 
     </span>
     <span class='ocr_line' id='line_1_33' title="bbox 74 3650 1029 3727; baseline 0.006 -11"><span class='ocrx_word' id='word_1_194' title='bbox 74 3656 122 3716; x_wconf 86' lang='lat' dir='ltr'><strong>lun</strong></span> <span class='ocrx_word' id='word_1_195' title='bbox 148 3650 307 3726; x_wconf 88' lang='lat' dir='ltr'><strong>horariae</strong></span> <span class='ocrx_word' id='word_1_196' title='bbox 336 3655 556 3726; x_wconf 84' lang='lat' dir='ltr'><strong>intensiones</strong></span> <span class='ocrx_word' id='word_1_197' title='bbox 580 3669 617 3724; x_wconf 86' lang='lat' dir='ltr'><strong>et</strong></span> <span class='ocrx_word' id='word_1_198' title='bbox 638 3655 864 3727; x_wconf 73' lang='lat' dir='ltr'><strong>rembsiones</strong></span> <span class='ocrx_word' id='word_1_199' title='bbox 886 3654 1029 3722; x_wconf 86' lang='lat' dir='ltr'><strong>varian-</strong></span> 
     </span>
     <span class='ocr_line' id='line_1_34' title="bbox 75 3757 1028 3838; baseline 0.001 -13"><span class='ocrx_word' id='word_1_200' title='bbox 75 3759 125 3825; x_wconf 85' lang='lat' dir='ltr'><strong>tur;</strong></span> <span class='ocrx_word' id='word_1_201' title='bbox 146 3757 227 3826; x_wconf 88' lang='lat' dir='ltr'><strong>sicut</strong></span> <span class='ocrx_word' id='word_1_202' title='bbox 241 3761 287 3826; x_wconf 90' lang='lat' dir='ltr'><strong>ad</strong></span> <span class='ocrx_word' id='word_1_203' title='bbox 303 3757 428 3828; x_wconf 90' lang='lat' dir='ltr'><strong>Lunae</strong></span> <span class='ocrx_word' id='word_1_204' title='bbox 444 3771 583 3827; x_wconf 90' lang='lat' dir='ltr'><strong>motum</strong></span> <span class='ocrx_word' id='word_1_205' title='bbox 606 3771 723 3828; x_wconf 90' lang='lat' dir='ltr'><strong>aestus</strong></span> <span class='ocrx_word' id='word_1_206' title='bbox 743 3757 854 3827; x_wconf 88' lang='lat' dir='ltr'><strong>maris</strong></span> <span class='ocrx_word' id='word_1_207' title='bbox 878 3757 1028 3838; x_wconf 88' lang='lat' dir='ltr'><strong>cientur,</strong></span> 
     </span>
     <span class='ocr_line' id='line_1_35' title="bbox 73 3859 1028 3954; baseline 0.008 -34"><span class='ocrx_word' id='word_1_208' title='bbox 73 3863 147 3943; x_wconf 79' lang='lat' dir='ltr'><strong>etque</strong></span> <span class='ocrx_word' id='word_1_209' title='bbox 159 3861 327 3939; x_wconf 58' lang='lat' dir='ltr'><strong>refluxum</strong></span> <span class='ocrx_word' id='word_1_210' title='bbox 351 3861 507 3954; x_wconf 89' lang='lat' dir='ltr'><strong>itemque</strong></span> <span class='ocrx_word' id='word_1_211' title='bbox 515 3859 618 3930; x_wconf 91' lang='lat' dir='ltr'><strong>Luna</strong></span> <span class='ocrx_word' id='word_1_212' title='bbox 633 3861 797 3934; x_wconf 88' lang='lat' dir='ltr'><strong>cardines</strong></span> <span class='ocrx_word' id='word_1_213' title='bbox 810 3871 1028 3944; x_wconf 87' lang='lat' dir='ltr'><strong>transeunte,</strong></span> 
     </span>
     <span class='ocr_line' id='line_1_36' title="bbox 76 3961 1028 4060; baseline 0.006 -36"><span class='ocrx_word' id='word_1_214' title='bbox 76 3971 223 4030; x_wconf 73' lang='lat' dir='ltr'><strong>ventorum</strong></span> <span class='ocrx_word' id='word_1_215' title='bbox 242 3963 410 4032; x_wconf 89' lang='lat' dir='ltr'><strong>accidunt</strong></span> <span class='ocrx_word' id='word_1_216' title='bbox 425 3963 662 4046; x_wconf 86' lang='lat' dir='ltr'><strong>mutationes,</strong></span> <span class='ocrx_word' id='word_1_217' title='bbox 697 3988 786 4060; x_wconf 89' lang='lat' dir='ltr'><strong>quas</strong></span> <span class='ocrx_word' id='word_1_218' title='bbox 808 3961 886 4054; x_wconf 91' lang='lat' dir='ltr'><strong>ipsa</strong></span> <span class='ocrx_word' id='word_1_219' title='bbox 910 3987 929 4030; x_wconf 90' lang='lat' dir='ltr'><strong>a</strong></span> <span class='ocrx_word' id='word_1_220' title='bbox 955 3985 1028 4030; x_wconf 89' lang='lat' dir='ltr'><strong>me·</strong></span> 
     </span>
     <span class='ocr_line' id='line_1_37' title="bbox 75 4053 1026 4157; baseline 0.016 -41"><span class='ocrx_word' id='word_1_221' title='bbox 75 4053 113 4122; x_wconf 89' lang='lat' dir='ltr'><strong>dio</strong></span> <span class='ocrx_word' id='word_1_222' title='bbox 125 4060 203 4132; x_wconf 88' lang='lat' dir='ltr'><strong>Solis</strong></span> <span class='ocrx_word' id='word_1_223' title='bbox 219 4065 347 4136; x_wconf 88' lang='lat' dir='ltr'><strong>itinere</strong></span> <span class='ocrx_word' id='word_1_224' title='bbox 364 4066 550 4138; x_wconf 88' lang='lat' dir='ltr'><strong>deflectens</strong></span> <span class='ocrx_word' id='word_1_225' title='bbox 567 4066 682 4136; x_wconf 84' lang='lat' dir='ltr'><strong>efficit.</strong></span> <span class='ocrx_word' id='word_1_226' title='bbox 742 4063 885 4157; x_wconf 91' lang='lat' dir='ltr'><strong>Ubique</strong></span> <span class='ocrx_word' id='word_1_227' title='bbox 908 4077 1026 4132; x_wconf 77' lang='lat' dir='ltr'><strong>aretem</strong></span> 
     </span>
     <span class='ocr_line' id='line_1_38' title="bbox 75 4145 1030 4262; baseline 0.008 -36"><span class='ocrx_word' id='word_1_228' title='bbox 75 4145 120 4226; x_wconf 83' lang='lat' dir='ltr'><strong>lor</strong></span> <span class='ocrx_word' id='word_1_229' title='bbox 138 4169 321 4238; x_wconf 88' lang='lat' dir='ltr'><strong>tenendum</strong></span> <span class='ocrx_word' id='word_1_230' title='bbox 345 4181 417 4252; x_wconf 86' lang='lat' dir='ltr'><strong>cst,</strong></span> <span class='ocrx_word' id='word_1_231' title='bbox 451 4171 547 4262; x_wconf 90' lang='lat' dir='ltr'><strong>quod</strong></span> <span class='ocrx_word' id='word_1_232' title='bbox 571 4180 738 4260; x_wconf 84' lang='lat' dir='ltr'><strong>praeeat,</strong></span> <span class='ocrx_word' id='word_1_233' title='bbox 773 4191 815 4234; x_wconf 90' lang='lat' dir='ltr'><strong>ac</strong></span> <span class='ocrx_word' id='word_1_234' title='bbox 839 4165 962 4257; x_wconf 88' lang='lat' dir='ltr'><strong>potior</strong></span> <span class='ocrx_word' id='word_1_235' title='bbox 984 4165 1030 4236; x_wconf 90' lang='lat' dir='ltr'><strong>sit</strong></span> 
     </span>
     <span class='ocr_line' id='line_1_39' title="bbox 75 4259 1028 4366; baseline 0.015 -44"><span class='ocrx_word' id='word_1_236' title='bbox 75 4259 157 4366; x_wconf 80' lang='lat' dir='ltr'><strong>prima</strong></span> <span class='ocrx_word' id='word_1_237' title='bbox 189 4283 303 4363; x_wconf 86' lang='lat' dir='ltr'><strong>atque</strong></span> <span class='ocrx_word' id='word_1_238' title='bbox 329 4269 540 4340; x_wconf 89' lang='lat' dir='ltr'><strong>universalis</strong></span> <span class='ocrx_word' id='word_1_239' title='bbox 576 4295 700 4350; x_wconf 86' lang='lat' dir='ltr'><strong>causu;</strong></span> <span class='ocrx_word' id='word_1_240' title='bbox 744 4282 915 4363; x_wconf 88' lang='lat' dir='ltr'><strong>sequatur</strong></span> <span class='ocrx_word' id='word_1_241' title='bbox 943 4291 1028 4336; x_wconf 91' lang='lat' dir='ltr'><strong>vero</strong></span> 
     </span>
     <span class='ocr_line' id='line_1_40' title="bbox 76 4355 1029 4464; baseline 0.014 -42"><span class='ocrx_word' id='word_1_242' title='bbox 76 4355 128 4443; x_wconf 86' lang='lat' dir='ltr'><strong>dla,</strong></span> <span class='ocrx_word' id='word_1_243' title='bbox 148 4391 164 4434; x_wconf 90' lang='lat' dir='ltr'><strong>a</strong></span> <span class='ocrx_word' id='word_1_244' title='bbox 181 4396 244 4462; x_wconf 90' lang='lat' dir='ltr'><strong>qua</strong></span> <span class='ocrx_word' id='word_1_245' title='bbox 263 4372 495 4463; x_wconf 90' lang='lat' dir='ltr'><strong>particularia</strong></span> <span class='ocrx_word' id='word_1_246' title='bbox 523 4373 795 4464; x_wconf 85' lang='lat' dir='ltr'><strong>proficiscuntur</strong></span> <span class='ocrx_word' id='word_1_247' title='bbox 820 4370 1029 4445; x_wconf 87' lang='lat' dir='ltr'><strong>accidentia.</strong></span> 
     </span>
     <span class='ocr_line' id='line_1_41' title="bbox 77 4455 1029 4569; baseline 0.005 -33"><span class='ocrx_word' id='word_1_248' title='bbox 77 4455 142 4532; x_wconf 81' lang='lat' dir='ltr'><strong>Tun</strong></span> <span class='ocrx_word' id='word_1_249' title='bbox 167 4496 245 4540; x_wconf 87' lang='lat' dir='ltr'><strong>vero</strong></span> <span class='ocrx_word' id='word_1_250' title='bbox 281 4475 474 4544; x_wconf 89' lang='lat' dir='ltr'><strong>roboretur</strong></span> <span class='ocrx_word' id='word_1_251' title='bbox 504 4488 610 4569; x_wconf 88' lang='lat' dir='ltr'><strong>atque</strong></span> <span class='ocrx_word' id='word_1_252' title='bbox 643 4475 850 4542; x_wconf 90' lang='lat' dir='ltr'><strong>intendatur</strong></span> <span class='ocrx_word' id='word_1_253' title='bbox 877 4472 1029 4558; x_wconf 83' lang='lat' dir='ltr'><strong>effectio,</strong></span> 
     </span>
     <span class='ocr_line' id='line_1_42' title="bbox 77 4575 1030 4666; baseline 0.002 -24"><span class='ocrx_word' id='word_1_254' title='bbox 77 4582 130 4632; x_wconf 63' lang='lat' dir='ltr'><strong>‘lm</strong></span> <span class='ocrx_word' id='word_1_255' title='bbox 159 4597 242 4666; x_wconf 88' lang='lat' dir='ltr'><strong>quae</strong></span> <span class='ocrx_word' id='word_1_256' title='bbox 277 4577 472 4664; x_wconf 83' lang='lat' dir='ltr'><strong>universali</strong></span> <span class='ocrx_word' id='word_1_257' title='bbox 504 4575 751 4648; x_wconf 90' lang='lat' dir='ltr'><strong>constitutioni</strong></span> <span class='ocrx_word' id='word_1_258' title='bbox 795 4576 1030 4645; x_wconf 87' lang='lat' dir='ltr'><strong>dominantur</strong></span> 
     </span>
     <span class='ocr_line' id='line_1_43' title="bbox 76 4665 1029 4774; baseline 0.021 -48"><span class='ocrx_word' id='word_1_259' title='bbox 76 4665 179 4756; x_wconf 85' lang='lat' dir='ltr'><strong>stellae,</strong></span> <span class='ocrx_word' id='word_1_260' title='bbox 199 4671 271 4760; x_wconf 90' lang='lat' dir='ltr'><strong>his,</strong></span> <span class='ocrx_word' id='word_1_261' title='bbox 298 4703 319 4748; x_wconf 91' lang='lat' dir='ltr'><strong>a</strong></span> <span class='ocrx_word' id='word_1_262' title='bbox 343 4679 472 4774; x_wconf 90' lang='lat' dir='ltr'><strong>quibus</strong></span> <span class='ocrx_word' id='word_1_263' title='bbox 496 4678 663 4750; x_wconf 89' lang='lat' dir='ltr'><strong>oriuntur</strong></span> <span class='ocrx_word' id='word_1_264' title='bbox 684 4677 935 4770; x_wconf 90' lang='lat' dir='ltr'><strong>particularia,</strong></span> <span class='ocrx_word' id='word_1_265' title='bbox 968 4679 1029 4772; x_wconf 83' lang='lat' dir='ltr'><strong>ad-</strong></span> 
     </span>
     <span class='ocr_line' id='line_1_44' title="bbox 76 4769 878 4874; baseline 0.017 -36"><span class='ocrx_word' id='word_1_266' title='bbox 76 4783 162 4852; x_wconf 74' lang='lat' dir='ltr'><strong>spectu</strong></span> <span class='ocrx_word' id='word_1_267' title='bbox 177 4791 207 4848; x_wconf 88' lang='lat' dir='ltr'><strong>et</strong></span> <span class='ocrx_word' id='word_1_268' title='bbox 221 4769 502 4874; x_wconf 85' lang='lat' dir='ltr'><strong>configuratione</strong></span> <span class='ocrx_word' id='word_1_269' title='bbox 521 4807 596 4854; x_wconf 88' lang='lat' dir='ltr'><strong>sese</strong></span> <span class='ocrx_word' id='word_1_270' title='bbox 615 4782 878 4852; x_wconf 84' lang='lat' dir='ltr'><strong>coniunxerint.</strong></span> 
     </span>
    </p>
   </div>
   <div class='ocr_carea' id='block_1_6' title="bbox 77 4975 1136 5340">
    <p class='ocr_par' dir='ltr' id='par_1_6' title="bbox 77 4975 1136 5340">
     <span class='ocr_line' id='line_1_45' title="bbox 239 4975 821 5101; baseline 0.003 -21"><span class='ocrx_word' id='word_1_271' title='bbox 239 5012 296 5080; x_wconf 75' lang='lat' dir='ltr'><strong>ue</strong></span> <span class='ocrx_word' id='word_1_272' title='bbox 320 5009 567 5101; x_wconf 62' lang='lat' dir='ltr'><strong>significatura</strong></span> <span class='ocrx_word' id='word_1_273' title='bbox 587 4975 821 5089; x_wconf 64' lang='lat' dir='ltr'><strong>manui.</strong></span> 
     </span>
     <span class='ocr_line' id='line_1_46' title="bbox 149 5131 1136 5236; baseline 0.016 -34"><span class='ocrx_word' id='word_1_274' title='bbox 149 5131 316 5211; x_wconf 74' lang='lat' dir='ltr'><strong>Profuerit</strong></span> <span class='ocrx_word' id='word_1_275' title='bbox 331 5145 424 5212; x_wconf 88' lang='lat' dir='ltr'><strong>etad</strong></span> <span class='ocrx_word' id='word_1_276' title='bbox 441 5144 710 5236; x_wconf 84' lang='lat' dir='ltr'><strong>particularium</strong></span> <span class='ocrx_word' id='word_1_277' title='bbox 727 5141 1027 5233; x_wconf 75' lang='lat' dir='ltr'><strong>significationum</strong></span> <span class='ocrx_word' id='word_1_278' title='bbox 1133 5187 1136 5196; x_wconf 54' lang='lat'><strong>.</strong></span> 
     </span>
     <span class='ocr_line' id='line_1_47' title="bbox 77 5235 1029 5340; baseline 0.016 -43"><span class='ocrx_word' id='word_1_279' title='bbox 77 5235 293 5326; x_wconf 73' lang='lat' dir='ltr'><strong>pnerisiones,</strong></span> <span class='ocrx_word' id='word_1_280' title='bbox 332 5257 460 5315; x_wconf 89' lang='lat' dir='ltr'><strong>notare</strong></span> <span class='ocrx_word' id='word_1_281' title='bbox 488 5247 608 5335; x_wconf 73' lang='lat' dir='ltr'><strong>signa,</strong></span> <span class='ocrx_word' id='word_1_282' title='bbox 649 5268 741 5340; x_wconf 88' lang='lat' dir='ltr'><strong>quae</strong></span> <span class='ocrx_word' id='word_1_283' title='bbox 775 5247 870 5315; x_wconf 79' lang='lat' dir='ltr'><strong>iuxta</strong></span> <span class='ocrx_word' id='word_1_284' title='bbox 894 5245 1029 5328; x_wconf 84' lang='lat' dir='ltr'><strong>Solem,</strong></span> 
     </span>
    </p>
   </div>
   <div class='ocr_carea' id='block_1_7' title="bbox 78 5319 1028 5543">
    <p class='ocr_par' dir='ltr' id='par_1_7' title="bbox 78 5319 1028 5543">
     <span class='ocr_line' id='line_1_48' title="bbox 78 5319 1028 5450; baseline -0.02 -17"><span class='ocrx_word' id='word_1_285' title='bbox 78 5319 180 5444; x_wconf 63' lang='lat' dir='ltr'><strong>llum</strong></span> <span class='ocrx_word' id='word_1_286' title='bbox 196 5355 229 5411; x_wconf 77' lang='lat' dir='ltr'><strong>a</strong></span> <span class='ocrx_word' id='word_1_287' title='bbox 242 5346 358 5417; x_wconf 75' lang='lat' dir='ltr'><strong>stellas</strong></span> <span class='ocrx_word' id='word_1_288' title='bbox 372 5363 559 5440; x_wconf 66' lang='lat' dir='ltr'><strong>apparea.</strong></span> <span class='ocrx_word' id='word_1_289' title='bbox 600 5347 1028 5450; x_wconf 62' lang='lat' dir='ltr'><strong>semiambustum</strong></span> 
     </span>
     <span class='ocr_line' id='line_1_49' title="bbox 81 5447 1028 5543; baseline 0.007 -34"><span class='ocrx_word' id='word_1_290' title='bbox 81 5447 231 5532; x_wconf 72' lang='lat' dir='ltr'><strong>lttentem,</strong></span> <span class='ocrx_word' id='word_1_291' title='bbox 257 5449 489 5522; x_wconf 91' lang='lat' dir='ltr'><strong>coniectaturi</strong></span> <span class='ocrx_word' id='word_1_292' title='bbox 513 5453 556 5521; x_wconf 93' lang='lat' dir='ltr'><strong>de</strong></span> <span class='ocrx_word' id='word_1_293' title='bbox 582 5450 852 5543; x_wconf 86' lang='lat' dir='ltr'><strong>tempestatibus</strong></span> <span class='ocrx_word' id='word_1_294' title='bbox 864 5449 1028 5530; x_wconf 53' lang='lat' dir='ltr'><strong>¹distroire</strong></span> 
     </span>
    </p>
   </div>
   <div class='ocr_carea' id='block_1_8' title="bbox 2013 256 2066 334">
    <p class='ocr_par' dir='ltr' id='par_1_8' title="bbox 2013 256 2066 334">
     <span class='ocr_line' id='line_1_50' title="bbox 2013 256 2066 334; baseline 0.038 -2"><span class='ocrx_word' id='word_1_295' title='bbox 2013 256 2066 334; x_wconf 79' lang='lat' dir='ltr'><strong>st</strong></span> 
     </span>
    </p>
   </div>
   <div class='ocr_carea' id='block_1_9' title="bbox 1076 429 2168 2364">
    <p class='ocr_par' dir='ltr' id='par_1_9' title="bbox 1076 429 2168 2364">
     <span class='ocr_line' id='line_1_51' title="bbox 1079 429 2072 518; baseline 0.004 -22"><span class='ocrx_word' id='word_1_296' title='bbox 1079 429 1320 518; x_wconf 75' lang='lat' dir='ltr'><strong>occidentem,</strong></span> <span class='ocrx_word' id='word_1_297' title='bbox 1369 431 1413 498; x_wconf 89' lang='lat' dir='ltr'><strong>de</strong></span> <span class='ocrx_word' id='word_1_298' title='bbox 1445 431 1656 508; x_wconf 78' lang='lat' dir='ltr'><strong>nocturnisr</strong></span> <span class='ocrx_word' id='word_1_299' title='bbox 1695 432 1739 500; x_wconf 89' lang='lat' dir='ltr'><strong>de</strong></span> <span class='ocrx_word' id='word_1_300' title='bbox 1774 430 2072 515; x_wconf 82' lang='lat' dir='ltr'><strong>diuturnioribus,</strong></span> 
     </span>
     <span class='ocr_line' id='line_1_52' title="bbox 1078 529 2073 623; baseline 0.007 -24"><span class='ocrx_word' id='word_1_301' title='bbox 1078 555 1158 602; x_wconf 92' lang='lat' dir='ltr'><strong>cum</strong></span> <span class='ocrx_word' id='word_1_302' title='bbox 1182 529 1286 600; x_wconf 86' lang='lat' dir='ltr'><strong>Luna</strong></span> <span class='ocrx_word' id='word_1_303' title='bbox 1309 533 1582 622; x_wconf 86' lang='lat' dir='ltr'><strong>configuratum.</strong></span> <span class='ocrx_word' id='word_1_304' title='bbox 1641 533 1734 606; x_wconf 85' lang='lat' dir='ltr'><strong>Nam</strong></span> <span class='ocrx_word' id='word_1_305' title='bbox 1755 534 1915 622; x_wconf 86' lang='lat' dir='ltr'><strong>singulae</strong></span> <span class='ocrx_word' id='word_1_306' title='bbox 1938 534 2073 623; x_wconf 80' lang='lat' dir='ltr'><strong>figurae</strong></span> 
     </span>
     <span class='ocr_line' id='line_1_53' title="bbox 1078 635 2070 727; baseline 0.006 -27"><span class='ocrx_word' id='word_1_307' title='bbox 1078 645 1344 723; x_wconf 88' lang='lat' dir='ltr'><strong>tempestatem,</strong></span> <span class='ocrx_word' id='word_1_308' title='bbox 1380 635 1495 726; x_wconf 90' lang='lat' dir='ltr'><strong>qualis</strong></span> <span class='ocrx_word' id='word_1_309' title='bbox 1517 659 1629 727; x_wconf 88' lang='lat' dir='ltr'><strong>usque</strong></span> <span class='ocrx_word' id='word_1_310' title='bbox 1657 639 1700 706; x_wconf 92' lang='lat' dir='ltr'><strong>ad</strong></span> <span class='ocrx_word' id='word_1_311' title='bbox 1724 637 1926 727; x_wconf 83' lang='lat' dir='ltr'><strong>proximam</strong></span> <span class='ocrx_word' id='word_1_312' title='bbox 1949 637 2070 706; x_wconf 73' lang='lat' dir='ltr'><strong>lutura</strong></span> 
     </span>
     <span class='ocr_line' id='line_1_54' title="bbox 1077 735 2073 829; baseline 0.005 -25"><span class='ocrx_word' id='word_1_313' title='bbox 1077 736 1141 817; x_wconf 90' lang='lat' dir='ltr'><strong>sit,</strong></span> <span class='ocrx_word' id='word_1_314' title='bbox 1167 735 1350 805; x_wconf 86' lang='lat' dir='ltr'><strong>declarare</strong></span> <span class='ocrx_word' id='word_1_315' title='bbox 1368 749 1641 806; x_wconf 82' lang='lat' dir='ltr'><strong>consueverunt.</strong></span> <span class='ocrx_word' id='word_1_316' title='bbox 1700 739 1738 808; x_wconf 86' lang='lat' dir='ltr'><strong>si</strong></span> <span class='ocrx_word' id='word_1_317' title='bbox 1760 763 1845 828; x_wconf 88' lang='lat' dir='ltr'><strong>ergo</strong></span> <span class='ocrx_word' id='word_1_318' title='bbox 1868 763 1957 829; x_wconf 89' lang='lat' dir='ltr'><strong>pura</strong></span> <span class='ocrx_word' id='word_1_319' title='bbox 1981 740 2073 823; x_wconf 77' lang='lat' dir='ltr'><strong>luce,</strong></span> 
     </span>
     <span class='ocr_line' id='line_1_55' title="bbox 1077 836 2073 934; baseline 0.002 -28"><span class='ocrx_word' id='word_1_320' title='bbox 1077 836 1257 928; x_wconf 86' lang='lat' dir='ltr'><strong>caliginis,</strong></span> <span class='ocrx_word' id='word_1_321' title='bbox 1285 839 1487 922; x_wconf 86' lang='lat' dir='ltr'><strong>varietatis,</strong></span> <span class='ocrx_word' id='word_1_322' title='bbox 1512 851 1547 908; x_wconf 88' lang='lat' dir='ltr'><strong>et</strong></span> <span class='ocrx_word' id='word_1_323' title='bbox 1562 840 1710 910; x_wconf 88' lang='lat' dir='ltr'><strong>nubium</strong></span> <span class='ocrx_word' id='word_1_324' title='bbox 1729 865 1852 934; x_wconf 85' lang='lat' dir='ltr'><strong>expers</strong></span> <span class='ocrx_word' id='word_1_325' title='bbox 1866 842 1927 910; x_wconf 88' lang='lat' dir='ltr'><strong>sot</strong></span> <span class='ocrx_word' id='word_1_326' title='bbox 1944 842 2073 923; x_wconf 73' lang='lat' dir='ltr'><strong>oritun</strong></span> 
     </span>
     <span class='ocr_line' id='line_1_56' title="bbox 1077 939 2070 1034; baseline 0.006 -28"><span class='ocrx_word' id='word_1_327' title='bbox 1077 941 1135 1008; x_wconf 90' lang='lat' dir='ltr'><strong>vel</strong></span> <span class='ocrx_word' id='word_1_328' title='bbox 1152 939 1299 1022; x_wconf 88' lang='lat' dir='ltr'><strong>occidit,</strong></span> <span class='ocrx_word' id='word_1_329' title='bbox 1325 965 1485 1010; x_wconf 90' lang='lat' dir='ltr'><strong>serenam</strong></span> <span class='ocrx_word' id='word_1_330' title='bbox 1504 955 1750 1032; x_wconf 85' lang='lat' dir='ltr'><strong>tempestatem</strong></span> <span class='ocrx_word' id='word_1_331' title='bbox 1768 945 1968 1034; x_wconf 90' lang='lat' dir='ltr'><strong>pollicetur.</strong></span> <span class='ocrx_word' id='word_1_332' title='bbox 2004 943 2070 1013; x_wconf 78' lang='lat' dir='ltr'><strong>sin</strong></span> 
     </span>
     <span class='ocr_line' id='line_1_57' title="bbox 1078 1042 2072 1138; baseline 0.004 -28"><span class='ocrx_word' id='word_1_333' title='bbox 1078 1042 1179 1110; x_wconf 90' lang='lat' dir='ltr'><strong>vario</strong></span> <span class='ocrx_word' id='word_1_334' title='bbox 1196 1043 1301 1125; x_wconf 90' lang='lat' dir='ltr'><strong>orbe,</strong></span> <span class='ocrx_word' id='word_1_335' title='bbox 1333 1042 1447 1138; x_wconf 81' lang='lat' dir='ltr'><strong>aut¹⁶)</strong></span> <span class='ocrx_word' id='word_1_336' title='bbox 1470 1044 1638 1112; x_wconf 88' lang='lat' dir='ltr'><strong>flammeo</strong></span> <span class='ocrx_word' id='word_1_337' title='bbox 1661 1045 1855 1137; x_wconf 90' lang='lat' dir='ltr'><strong>prodierit,</strong></span> <span class='ocrx_word' id='word_1_338' title='bbox 1888 1045 2072 1129; x_wconf 74' lang='lat' dir='ltr'><strong>abieritne,</strong></span> 
     </span>
     <span class='ocr_line' id='line_1_58' title="bbox 1077 1145 2075 1230; baseline 0.005 -18"><span class='ocrx_word' id='word_1_339' title='bbox 1077 1156 1140 1214; x_wconf 92' lang='lat' dir='ltr'><strong>aut</strong></span> <span class='ocrx_word' id='word_1_340' title='bbox 1154 1145 1320 1214; x_wconf 88' lang='lat' dir='ltr'><strong>rubentes</strong></span> <span class='ocrx_word' id='word_1_341' title='bbox 1345 1147 1503 1216; x_wconf 89' lang='lat' dir='ltr'><strong>emiserit</strong></span> <span class='ocrx_word' id='word_1_342' title='bbox 1522 1149 1664 1230; x_wconf 86' lang='lat' dir='ltr'><strong>radios,</strong></span> <span class='ocrx_word' id='word_1_343' title='bbox 1694 1149 1829 1218; x_wconf 84' lang='lat' dir='ltr'><strong>sivein</strong></span> <span class='ocrx_word' id='word_1_344' title='bbox 1853 1159 1987 1217; x_wconf 89' lang='lat' dir='ltr'><strong>rectum</strong></span> <span class='ocrx_word' id='word_1_345' title='bbox 2013 1173 2075 1218; x_wconf 78' lang='lat' dir='ltr'><strong>ex·</strong></span> 
     </span>
     <span class='ocr_line' id='line_1_59' title="bbox 1077 1247 2072 1340; baseline 0.006 -26"><span class='ocrx_word' id='word_1_346' title='bbox 1077 1257 1281 1335; x_wconf 89' lang='lat' dir='ltr'><strong>porrectos,</strong></span> <span class='ocrx_word' id='word_1_347' title='bbox 1306 1247 1380 1316; x_wconf 88' lang='lat' dir='ltr'><strong>sive</strong></span> <span class='ocrx_word' id='word_1_348' title='bbox 1395 1249 1432 1316; x_wconf 94' lang='lat' dir='ltr'><strong>in</strong></span> <span class='ocrx_word' id='word_1_349' title='bbox 1448 1272 1522 1318; x_wconf 91' lang='lat' dir='ltr'><strong>sese</strong></span> <span class='ocrx_word' id='word_1_350' title='bbox 1540 1263 1714 1335; x_wconf 88' lang='lat' dir='ltr'><strong>retortos,</strong></span> <span class='ocrx_word' id='word_1_351' title='bbox 1747 1265 1808 1320; x_wconf 86' lang='lat' dir='ltr'><strong>aut</strong></span> <span class='ocrx_word' id='word_1_352' title='bbox 1824 1275 1866 1320; x_wconf 85' lang='lat' dir='ltr'><strong>ex</strong></span> <span class='ocrx_word' id='word_1_353' title='bbox 1880 1274 1950 1320; x_wconf 88' lang='lat' dir='ltr'><strong>una</strong></span> <span class='ocrx_word' id='word_1_354' title='bbox 1969 1261 2072 1340; x_wconf 82' lang='lat' dir='ltr'><strong>parte</strong></span> 
     </span>
     <span class='ocr_line' id='line_1_60' title="bbox 1078 1347 2073 1448; baseline 0.012 -35"><span class='ocrx_word' id='word_1_355' title='bbox 1078 1349 1116 1414; x_wconf 93' lang='lat' dir='ltr'><strong>in</strong></span> <span class='ocrx_word' id='word_1_356' title='bbox 1141 1347 1306 1417; x_wconf 88' lang='lat' dir='ltr'><strong>subiectis</strong></span> <span class='ocrx_word' id='word_1_357' title='bbox 1329 1351 1484 1420; x_wconf 90' lang='lat' dir='ltr'><strong>nubibus</strong></span> <span class='ocrx_word' id='word_1_358' title='bbox 1501 1375 1560 1433; x_wconf 90' lang='lat' dir='ltr'><strong>ea,</strong></span> <span class='ocrx_word' id='word_1_359' title='bbox 1588 1377 1679 1444; x_wconf 90' lang='lat' dir='ltr'><strong>qnae</strong></span> <span class='ocrx_word' id='word_1_360' title='bbox 1702 1347 1863 1448; x_wconf 73' lang='lat' dir='ltr'><strong>nuptilia</strong></span> <span class='ocrx_word' id='word_1_361' title='bbox 1886 1365 2073 1434; x_wconf 78' lang='lat' dir='ltr'><strong>vocantur.</strong></span> 
     </span>
     <span class='ocr_line' id='line_1_61' title="bbox 1076 1449 2168 1547; baseline 0.007 -29"><span class='ocrx_word' id='word_1_362' title='bbox 1076 1449 1262 1534; x_wconf 87' lang='lat' dir='ltr'><strong>formarit,</strong></span> <span class='ocrx_word' id='word_1_363' title='bbox 1283 1453 1439 1522; x_wconf 88' lang='lat' dir='ltr'><strong>nubesve</strong></span> <span class='ocrx_word' id='word_1_364' title='bbox 1457 1453 1632 1524; x_wconf 90' lang='lat' dir='ltr'><strong>subrutilo</strong></span> <span class='ocrx_word' id='word_1_365' title='bbox 1643 1453 1688 1547; x_wconf 74' lang='grc'><strong>16&gt;</strong></span> <span class='ocrx_word' id='word_1_366' title='bbox 1707 1455 1852 1524; x_wconf 86' lang='lat' dir='ltr'><strong>tinxerit</strong></span> <span class='ocrx_word' id='word_1_367' title='bbox 1867 1455 2009 1538; x_wconf 89' lang='lat' dir='ltr'><strong>colore,</strong></span> <span class='ocrx_word' id='word_1_368' title='bbox 2037 1465 2072 1522; x_wconf 89' lang='lat' dir='ltr'><strong>et</strong></span> <span class='ocrx_word' id='word_1_369' title='bbox 2158 1511 2168 1526; x_wconf 93' lang='lat'><strong>.</strong></span> 
     </span>
     <span class='ocr_line' id='line_1_62' title="bbox 1078 1552 2072 1648; baseline 0.006 -28"><span class='ocrx_word' id='word_1_370' title='bbox 1078 1552 1181 1645; x_wconf 91' lang='lat' dir='ltr'><strong>quasi</strong></span> <span class='ocrx_word' id='word_1_371' title='bbox 1210 1577 1275 1642; x_wconf 90' lang='lat' dir='ltr'><strong>per</strong></span> <span class='ocrx_word' id='word_1_372' title='bbox 1307 1566 1400 1624; x_wconf 92' lang='lat' dir='ltr'><strong>totas</strong></span> <span class='ocrx_word' id='word_1_373' title='bbox 1431 1557 1544 1626; x_wconf 89' lang='lat' dir='ltr'><strong>nubes</strong></span> <span class='ocrx_word' id='word_1_374' title='bbox 1570 1557 1697 1648; x_wconf 84' lang='lat' dir='ltr'><strong>longos</strong></span> <span class='ocrx_word' id='word_1_375' title='bbox 1719 1557 1917 1629; x_wconf 81' lang='lat' dir='ltr'><strong>extenderit</strong></span> <span class='ocrx_word' id='word_1_376' title='bbox 1938 1555 2072 1639; x_wconf 87' lang='lat' dir='ltr'><strong>radios,</strong></span> 
     </span>
     <span class='ocr_line' id='line_1_63' title="bbox 1077 1650 2072 1751; baseline 0.005 -29"><span class='ocrx_word' id='word_1_377' title='bbox 1077 1650 1304 1724; x_wconf 87' lang='lat' dir='ltr'><strong>vehementes</strong></span> <span class='ocrx_word' id='word_1_378' title='bbox 1320 1657 1495 1748; x_wconf 76' lang='lat' dir='ltr'><strong>sign-ilicet</strong></span> <span class='ocrx_word' id='word_1_379' title='bbox 1510 1658 1633 1741; x_wconf 87' lang='lat' dir='ltr'><strong>flatus,</strong></span> <span class='ocrx_word' id='word_1_380' title='bbox 1660 1671 1850 1751; x_wconf 89' lang='lat' dir='ltr'><strong>erupturos</strong></span> <span class='ocrx_word' id='word_1_381' title='bbox 1866 1661 1910 1726; x_wconf 89' lang='lat' dir='ltr'><strong>ab</strong></span> <span class='ocrx_word' id='word_1_382' title='bbox 1930 1660 1991 1726; x_wconf 91' lang='lat' dir='ltr'><strong>illu</strong></span> <span class='ocrx_word' id='word_1_383' title='bbox 2010 1683 2072 1728; x_wconf 90' lang='lat' dir='ltr'><strong>an·</strong></span> 
     </span>
     <span class='ocr_line' id='line_1_64' title="bbox 1078 1758 2070 1852; baseline 0.007 -27"><span class='ocrx_word' id='word_1_384' title='bbox 1078 1758 1182 1847; x_wconf 85' lang='lat' dir='ltr'><strong>gulo,</strong></span> <span class='ocrx_word' id='word_1_385' title='bbox 1217 1779 1325 1848; x_wconf 88' lang='lat' dir='ltr'><strong>penes</strong></span> <span class='ocrx_word' id='word_1_386' title='bbox 1349 1785 1455 1852; x_wconf 81' lang='lat' dir='ltr'><strong>quern</strong></span> <span class='ocrx_word' id='word_1_387' title='bbox 1479 1760 1552 1830; x_wconf 85' lang='lat' dir='ltr'><strong>visa</strong></span> <span class='ocrx_word' id='word_1_388' title='bbox 1575 1760 1635 1830; x_wconf 90' lang='lat' dir='ltr'><strong>illa</strong></span> <span class='ocrx_word' id='word_1_389' title='bbox 1659 1763 1894 1832; x_wconf 91' lang='lat' dir='ltr'><strong>constiterint.</strong></span> <span class='ocrx_word' id='word_1_390' title='bbox 1960 1760 2070 1850; x_wconf 83' lang='lat' dir='ltr'><strong>Niger</strong></span> 
     </span>
     <span class='ocr_line' id='line_1_65' title="bbox 1079 1859 2072 1955; baseline 0.008 -29"><span class='ocrx_word' id='word_1_391' title='bbox 1079 1871 1141 1927; x_wconf 92' lang='lat' dir='ltr'><strong>aut</strong></span> <span class='ocrx_word' id='word_1_392' title='bbox 1155 1859 1293 1946; x_wconf 83' lang='lat' dir='ltr'><strong>luridus</strong></span> <span class='ocrx_word' id='word_1_393' title='bbox 1313 1861 1343 1932; x_wconf 92' lang='lat' dir='ltr'><strong>si</strong></span> <span class='ocrx_word' id='word_1_394' title='bbox 1364 1862 1404 1930; x_wconf 93' lang='lat' dir='ltr'><strong>in</strong></span> <span class='ocrx_word' id='word_1_395' title='bbox 1425 1869 1510 1932; x_wconf 88' lang='lat' dir='ltr'><strong>ortu</strong></span> <span class='ocrx_word' id='word_1_396' title='bbox 1527 1885 1697 1934; x_wconf 88' lang='lat' dir='ltr'><strong>occasuve</strong></span> <span class='ocrx_word' id='word_1_397' title='bbox 1714 1864 1941 1955; x_wconf 86' lang='lat' dir='ltr'><strong>apparuerit,</strong></span> <span class='ocrx_word' id='word_1_398' title='bbox 1968 1863 2072 1934; x_wconf 89' lang='lat' dir='ltr'><strong>nubi·</strong></span> 
     </span>
     <span class='ocr_line' id='line_1_66' title="bbox 1077 1961 2070 2058; baseline 0.004 -28"><span class='ocrx_word' id='word_1_399' title='bbox 1077 1962 1215 2058; x_wconf 90' lang='lat' dir='ltr'><strong>busque</strong></span> <span class='ocrx_word' id='word_1_400' title='bbox 1238 1961 1440 2048; x_wconf 91' lang='lat' dir='ltr'><strong>involutus,</strong></span> <span class='ocrx_word' id='word_1_401' title='bbox 1476 1977 1538 2034; x_wconf 91' lang='lat' dir='ltr'><strong>aut</strong></span> <span class='ocrx_word' id='word_1_402' title='bbox 1562 1989 1643 2036; x_wconf 88' lang='lat' dir='ltr'><strong>area</strong></span> <span class='ocrx_word' id='word_1_403' title='bbox 1669 1965 1908 2040; x_wconf 89' lang='lat' dir='ltr'><strong>circumdatus</strong></span> <span class='ocrx_word' id='word_1_404' title='bbox 1933 1991 1977 2034; x_wconf 90' lang='lat' dir='ltr'><strong>ex</strong></span> <span class='ocrx_word' id='word_1_405' title='bbox 2000 1989 2070 2034; x_wconf 92' lang='lat' dir='ltr'><strong>uua</strong></span> 
     </span>
     <span class='ocr_line' id='line_1_67' title="bbox 1078 2068 2140 2163; baseline 0.007 -31"><span class='ocrx_word' id='word_1_406' title='bbox 1078 2077 1200 2156; x_wconf 90' lang='lat' dir='ltr'><strong>parte,</strong></span> <span class='ocrx_word' id='word_1_407' title='bbox 1228 2077 1289 2134; x_wconf 91' lang='lat' dir='ltr'><strong>aut</strong></span> <span class='ocrx_word' id='word_1_408' title='bbox 1304 2079 1406 2157; x_wconf 90' lang='lat' dir='ltr'><strong>parte</strong></span> <span class='ocrx_word' id='word_1_409' title='bbox 1422 2080 1574 2162; x_wconf 91' lang='lat' dir='ltr'><strong>utraque</strong></span> <span class='ocrx_word' id='word_1_410' title='bbox 1591 2069 1755 2160; x_wconf 88' lang='lat' dir='ltr'><strong>pareliis,</strong></span> <span class='ocrx_word' id='word_1_411' title='bbox 1779 2082 1840 2140; x_wconf 78' lang='lat' dir='ltr'><strong>aad</strong></span> <span class='ocrx_word' id='word_1_412' title='bbox 1854 2068 1975 2138; x_wconf 91' lang='lat' dir='ltr'><strong>radius</strong></span> <span class='ocrx_word' id='word_1_413' title='bbox 1991 2091 2074 2163; x_wconf 83' lang='lat' dir='ltr'><strong>sup·</strong></span> <span class='ocrx_word' id='word_1_414' title='bbox 2136 2079 2140 2096; x_wconf 89' lang='lat'>&#39;</span> 
     </span>
     <span class='ocr_line' id='line_1_68' title="bbox 1078 2166 2149 2262; baseline 0.006 -28"><span class='ocrx_word' id='word_1_415' title='bbox 1078 2166 1231 2258; x_wconf 91' lang='lat' dir='ltr'><strong>pallidos</strong></span> <span class='ocrx_word' id='word_1_416' title='bbox 1253 2167 1419 2258; x_wconf 86' lang='lat' dir='ltr'><strong>nigrosve</strong></span> <span class='ocrx_word' id='word_1_417' title='bbox 1442 2173 1630 2262; x_wconf 86' lang='lat' dir='ltr'><strong>sparserit,</strong></span> <span class='ocrx_word' id='word_1_418' title='bbox 1669 2167 1804 2244; x_wconf 85' lang='lat' dir='ltr'><strong>hiemes</strong></span> <span class='ocrx_word' id='word_1_419' title='bbox 1833 2171 1994 2240; x_wconf 87' lang='lat' dir='ltr'><strong>minatur</strong></span> <span class='ocrx_word' id='word_1_420' title='bbox 2021 2182 2073 2239; x_wconf 90' lang='lat' dir='ltr'><strong>at·</strong></span> <span class='ocrx_word' id='word_1_421' title='bbox 2146 2170 2149 2184; x_wconf 90' lang='lat'>&#39;</span> 
     </span>
     <span class='ocr_line' id='line_1_69' title="bbox 1080 2268 1309 2364; baseline 0.009 -24"><span class='ocrx_word' id='word_1_422' title='bbox 1080 2293 1148 2364; x_wconf 89' lang='lat' dir='ltr'><strong>que</strong></span> <span class='ocrx_word' id='word_1_423' title='bbox 1165 2268 1309 2342; x_wconf 88' lang='lat' dir='ltr'><strong>imbres.</strong></span> 
     </span>
    </p>
   </div>
   <div class='ocr_carea' id='block_1_10' title="bbox 1077 2385 2141 3300">
    <p class='ocr_par' dir='ltr' id='par_1_10' title="bbox 1077 2385 2141 3300">
     <span class='ocr_line' id='line_1_70' title="bbox 1180 2385 2072 2461; baseline 0.006 -6"><span class='ocrx_word' id='word_1_424' title='bbox 1180 2385 1321 2456; x_wconf 89' lang='lat' dir='ltr'><strong>Lunam</strong></span> <span class='ocrx_word' id='word_1_425' title='bbox 1348 2391 1616 2461; x_wconf 90' lang='lat' dir='ltr'><strong>observabimus</strong></span> <span class='ocrx_word' id='word_1_426' title='bbox 1646 2392 1684 2459; x_wconf 95' lang='lat' dir='ltr'><strong>in</strong></span> <span class='ocrx_word' id='word_1_427' title='bbox 1713 2417 1778 2461; x_wconf 88' lang='lat' dir='ltr'><strong>suo</strong></span> <span class='ocrx_word' id='word_1_428' title='bbox 1800 2392 1927 2460; x_wconf 87' lang='lat' dir='ltr'><strong>itincre</strong></span> <span class='ocrx_word' id='word_1_429' title='bbox 1951 2391 2072 2460; x_wconf 91' lang='lat' dir='ltr'><strong>triduo</strong></span> 
     </span>
     <span class='ocr_line' id='line_1_71' title="bbox 1080 2491 2073 2583; baseline 0.004 -27"><span class='ocrx_word' id='word_1_430' title='bbox 1080 2501 1162 2558; x_wconf 88' lang='lat' dir='ltr'><strong>ante</strong></span> <span class='ocrx_word' id='word_1_431' title='bbox 1179 2491 1235 2557; x_wconf 89' lang='lat' dir='ltr'><strong>vel</strong></span> <span class='ocrx_word' id='word_1_432' title='bbox 1254 2502 1335 2580; x_wconf 90' lang='lat' dir='ltr'><strong>post</strong></span> <span class='ocrx_word' id='word_1_433' title='bbox 1350 2492 1565 2576; x_wconf 88' lang='lat' dir='ltr'><strong>interlunia,</strong></span> <span class='ocrx_word' id='word_1_434' title='bbox 1598 2506 1661 2562; x_wconf 90' lang='lat' dir='ltr'><strong>aut</strong></span> <span class='ocrx_word' id='word_1_435' title='bbox 1686 2493 1904 2583; x_wconf 91' lang='lat' dir='ltr'><strong>pleniluuia,</strong></span> <span class='ocrx_word' id='word_1_436' title='bbox 1938 2506 1972 2562; x_wconf 91' lang='lat' dir='ltr'><strong>et</strong></span> <span class='ocrx_word' id='word_1_437' title='bbox 1999 2517 2073 2560; x_wconf 89' lang='lat' dir='ltr'><strong>me-</strong></span> 
     </span>
     <span class='ocr_line' id='line_1_72' title="bbox 1080 2591 2141 2688; baseline 0.003 -29"><span class='ocrx_word' id='word_1_438' title='bbox 1080 2591 1179 2659; x_wconf 92' lang='lat' dir='ltr'><strong>dium</strong></span> <span class='ocrx_word' id='word_1_439' title='bbox 1196 2602 1354 2682; x_wconf 91' lang='lat' dir='ltr'><strong>tempus,</strong></span> <span class='ocrx_word' id='word_1_440' title='bbox 1380 2617 1452 2686; x_wconf 94' lang='lat' dir='ltr'><strong>quo</strong></span> <span class='ocrx_word' id='word_1_441' title='bbox 1471 2617 1555 2684; x_wconf 89' lang='lat' dir='ltr'><strong>erga</strong></span> <span class='ocrx_word' id='word_1_442' title='bbox 1572 2593 1691 2662; x_wconf 80' lang='lat' dir='ltr'><strong>Scilem</strong></span> <span class='ocrx_word' id='word_1_443' title='bbox 1715 2597 1925 2688; x_wconf 89' lang='lat' dir='ltr'><strong>quadratur.</strong></span> <span class='ocrx_word' id='word_1_444' title='bbox 1977 2593 2071 2665; x_wconf 90' lang='lat' dir='ltr'><strong>Nam</strong></span> <span class='ocrx_word' id='word_1_445' title='bbox 2126 2591 2141 2612; x_wconf 75' lang='lat'><strong><em>⁹</em></strong></span> 
     </span>
     <span class='ocr_line' id='line_1_73' title="bbox 1079 2693 2121 2792; baseline 0.001 -29"><span class='ocrx_word' id='word_1_446' title='bbox 1079 2693 1108 2764; x_wconf 93' lang='lat' dir='ltr'><strong>si</strong></span> <span class='ocrx_word' id='word_1_447' title='bbox 1125 2693 1223 2761; x_wconf 90' lang='lat' dir='ltr'><strong>tenui</strong></span> <span class='ocrx_word' id='word_1_448' title='bbox 1239 2716 1401 2788; x_wconf 90' lang='lat' dir='ltr'><strong>puraque</strong></span> <span class='ocrx_word' id='word_1_449' title='bbox 1417 2696 1495 2764; x_wconf 90' lang='lat' dir='ltr'><strong>luce</strong></span> <span class='ocrx_word' id='word_1_450' title='bbox 1512 2695 1680 2780; x_wconf 91' lang='lat' dir='ltr'><strong>nituerit,</strong></span> <span class='ocrx_word' id='word_1_451' title='bbox 1713 2693 1874 2792; x_wconf 91' lang='lat' dir='ltr'><strong>nihilque</strong></span> <span class='ocrx_word' id='word_1_452' title='bbox 1891 2697 1990 2765; x_wconf 91' lang='lat' dir='ltr'><strong>illam</strong></span> <span class='ocrx_word' id='word_1_453' title='bbox 2006 2697 2074 2765; x_wconf 87' lang='lat' dir='ltr'><strong>cir·</strong></span> <span class='ocrx_word' id='word_1_454' title='bbox 2116 2709 2121 2720; x_wconf 88' lang='grc'><strong><em>·</em></strong></span> 
     </span>
     <span class='ocr_line' id='line_1_74' title="bbox 1080 2795 2074 2890; baseline 0.003 -25"><span class='ocrx_word' id='word_1_455' title='bbox 1080 2795 1322 2879; x_wconf 90' lang='lat' dir='ltr'><strong>cumdederit,</strong></span> <span class='ocrx_word' id='word_1_456' title='bbox 1356 2797 1583 2866; x_wconf 89' lang='lat' dir='ltr'><strong>serenitatem</strong></span> <span class='ocrx_word' id='word_1_457' title='bbox 1607 2801 1770 2890; x_wconf 87' lang='lat' dir='ltr'><strong>spondet.</strong></span> <span class='ocrx_word' id='word_1_458' title='bbox 1830 2799 1869 2868; x_wconf 91' lang='lat' dir='ltr'><strong>Si</strong></span> <span class='ocrx_word' id='word_1_459' title='bbox 1890 2799 1990 2868; x_wconf 92' lang='lat' dir='ltr'><strong>tenui</strong></span> <span class='ocrx_word' id='word_1_460' title='bbox 2013 2823 2074 2868; x_wconf 89' lang='lat' dir='ltr'><strong>ru-</strong></span> 
     </span>
     <span class='ocr_line' id='line_1_75' title="bbox 1079 2898 2086 2996; baseline 0.002 -28"><span class='ocrx_word' id='word_1_461' title='bbox 1079 2898 1198 2969; x_wconf 91' lang='lat' dir='ltr'><strong>buerit</strong></span> <span class='ocrx_word' id='word_1_462' title='bbox 1215 2899 1312 2984; x_wconf 91' lang='lat' dir='ltr'><strong>lnce,</strong></span> <span class='ocrx_word' id='word_1_463' title='bbox 1345 2911 1492 2996; x_wconf 88' lang='lat' dir='ltr'><strong>totaque</strong></span> <span class='ocrx_word' id='word_1_464' title='bbox 1509 2903 1696 2993; x_wconf 88' lang='lat' dir='ltr'><strong>perspicua</strong></span> <span class='ocrx_word' id='word_1_465' title='bbox 1712 2903 1787 2974; x_wconf 89' lang='lat' dir='ltr'><strong>visa</strong></span> <span class='ocrx_word' id='word_1_466' title='bbox 1803 2901 1930 2985; x_wconf 87' lang='lat' dir='ltr'><strong>luerit,</strong></span> <span class='ocrx_word' id='word_1_467' title='bbox 1966 2901 2086 2970; x_wconf 86' lang='lat' dir='ltr'><strong>etiam.</strong></span> 
     </span>
     <span class='ocr_line' id='line_1_76' title="bbox 1081 3003 2075 3094; baseline 0 -23"><span class='ocrx_word' id='word_1_468' title='bbox 1081 3027 1121 3071; x_wconf 92' lang='lat' dir='ltr'><strong>ea</strong></span> <span class='ocrx_word' id='word_1_469' title='bbox 1138 3014 1259 3093; x_wconf 85' lang='lat' dir='ltr'><strong>parte,</strong></span> <span class='ocrx_word' id='word_1_470' title='bbox 1286 3025 1378 3094; x_wconf 90' lang='lat' dir='ltr'><strong>quae</strong></span> <span class='ocrx_word' id='word_1_471' title='bbox 1401 3003 1479 3071; x_wconf 94' lang='lat' dir='ltr'><strong>luce</strong></span> <span class='ocrx_word' id='word_1_472' title='bbox 1503 3003 1727 3089; x_wconf 91' lang='lat' dir='ltr'><strong>destituitur,</strong></span> <span class='ocrx_word' id='word_1_473' title='bbox 1759 3015 1886 3075; x_wconf 87' lang='lat' dir='ltr'><strong>ventos</strong></span> <span class='ocrx_word' id='word_1_474' title='bbox 1908 3003 2075 3074; x_wconf 83' lang='lat' dir='ltr'><strong>excitabit</strong></span> 
     </span>
     <span class='ocr_line' id='line_1_77' title="bbox 1079 3104 2073 3198; baseline 0 -26"><span class='ocrx_word' id='word_1_475' title='bbox 1079 3105 1162 3172; x_wconf 92' lang='lat' dir='ltr'><strong>inde</strong></span> <span class='ocrx_word' id='word_1_476' title='bbox 1179 3104 1354 3187; x_wconf 89' lang='lat' dir='ltr'><strong>orituros,</strong></span> <span class='ocrx_word' id='word_1_477' title='bbox 1382 3127 1453 3198; x_wconf 93' lang='lat' dir='ltr'><strong>quo</strong></span> <span class='ocrx_word' id='word_1_478' title='bbox 1468 3105 1547 3196; x_wconf 89' lang='lat' dir='ltr'><strong>ipsa</strong></span> <span class='ocrx_word' id='word_1_479' title='bbox 1565 3107 1731 3176; x_wconf 89' lang='lat' dir='ltr'><strong>declinat.</strong></span> <span class='ocrx_word' id='word_1_480' title='bbox 1790 3106 1921 3196; x_wconf 90' lang='lat' dir='ltr'><strong>Nigra,</strong></span> <span class='ocrx_word' id='word_1_481' title='bbox 1949 3106 2073 3197; x_wconf 91' lang='lat' dir='ltr'><strong>spissa,</strong></span> 
     </span>
     <span class='ocr_line' id='line_1_78' title="bbox 1077 3201 1848 3300; baseline 0.004 -26"><span class='ocrx_word' id='word_1_482' title='bbox 1077 3206 1233 3300; x_wconf 89' lang='lat' dir='ltr'><strong>pallida,</strong></span> <span class='ocrx_word' id='word_1_483' title='bbox 1256 3201 1391 3275; x_wconf 89' lang='lat' dir='ltr'><strong>hiemes</strong></span> <span class='ocrx_word' id='word_1_484' title='bbox 1407 3219 1513 3300; x_wconf 87' lang='lat' dir='ltr'><strong>atque</strong></span> <span class='ocrx_word' id='word_1_485' title='bbox 1529 3207 1659 3278; x_wconf 86' lang='lat' dir='ltr'><strong>imbres</strong></span> <span class='ocrx_word' id='word_1_486' title='bbox 1676 3209 1848 3277; x_wconf 90' lang='lat' dir='ltr'><strong>minatur.</strong></span> 
     </span>
    </p>
   </div>
   <div class='ocr_carea' id='block_1_11' title="bbox 1079 3321 2164 4628">
    <p class='ocr_par' dir='ltr' id='par_1_11' title="bbox 1079 3321 2164 4628">
     <span class='ocr_line' id='line_1_79' title="bbox 1187 3321 2074 3422; baseline -0.002 -28"><span class='ocrx_word' id='word_1_487' title='bbox 1187 3325 1442 3396; x_wconf 90' lang='lat' dir='ltr'><strong>Observaudae</strong></span> <span class='ocrx_word' id='word_1_488' title='bbox 1463 3337 1559 3396; x_wconf 85' lang='lat' dir='ltr'><strong>sunt</strong></span> <span class='ocrx_word' id='word_1_489' title='bbox 1590 3340 1624 3396; x_wconf 91' lang='lat' dir='ltr'><strong>et</strong></span> <span class='ocrx_word' id='word_1_490' title='bbox 1653 3351 1778 3411; x_wconf 90' lang='lat' dir='ltr'><strong>areae,</strong></span> <span class='ocrx_word' id='word_1_491' title='bbox 1818 3351 1909 3422; x_wconf 90' lang='lat' dir='ltr'><strong>quae</strong></span> <span class='ocrx_word' id='word_1_492' title='bbox 1930 3321 2074 3394; x_wconf 90' lang='lat' dir='ltr'><strong>Lunam</strong></span> 
     </span>
     <span class='ocr_line' id='line_1_80' title="bbox 1081 3427 2076 3524; baseline 0 -29"><span class='ocrx_word' id='word_1_493' title='bbox 1081 3430 1298 3524; x_wconf 87' lang='lat' dir='ltr'><strong>quandoque</strong></span> <span class='ocrx_word' id='word_1_494' title='bbox 1329 3427 1564 3500; x_wconf 87' lang='lat' dir='ltr'><strong>circumdant.</strong></span> <span class='ocrx_word' id='word_1_495' title='bbox 1625 3429 1718 3500; x_wconf 85' lang='lat' dir='ltr'><strong>Narn</strong></span> <span class='ocrx_word' id='word_1_496' title='bbox 1752 3429 1782 3500; x_wconf 93' lang='lat' dir='ltr'><strong>si</strong></span> <span class='ocrx_word' id='word_1_497' title='bbox 1811 3453 1885 3500; x_wconf 91' lang='lat' dir='ltr'><strong>uua</strong></span> <span class='ocrx_word' id='word_1_498' title='bbox 1905 3427 2014 3499; x_wconf 87' lang='lat' dir='ltr'><strong>luerit</strong></span> <span class='ocrx_word' id='word_1_499' title='bbox 2039 3437 2076 3496; x_wconf 90' lang='lat' dir='ltr'><strong>et</strong></span> 
     </span>
     <span class='ocr_line' id='line_1_81' title="bbox 1080 3529 2084 3626; baseline -0.004 -24"><span class='ocrx_word' id='word_1_500' title='bbox 1080 3555 1192 3623; x_wconf 91' lang='lat' dir='ltr'><strong>pura,</strong></span> <span class='ocrx_word' id='word_1_501' title='bbox 1227 3529 1473 3626; x_wconf 90' lang='lat' dir='ltr'><strong>paulatimque</strong></span> <span class='ocrx_word' id='word_1_502' title='bbox 1498 3557 1718 3603; x_wconf 89' lang='lat' dir='ltr'><strong>marcescens</strong></span> <span class='ocrx_word' id='word_1_503' title='bbox 1742 3531 1948 3616; x_wconf 88' lang='lat' dir='ltr'><strong>evanuerit,</strong></span> <span class='ocrx_word' id='word_1_504' title='bbox 1980 3555 2084 3626; x_wconf 20' lang='lat' dir='ltr'><strong>sere-y</strong></span> 
     </span>
     <span class='ocr_line' id='line_1_82' title="bbox 1080 3631 2073 3728; baseline 0.002 -26"><span class='ocrx_word' id='word_1_505' title='bbox 1080 3635 1250 3714; x_wconf 90' lang='lat' dir='ltr'><strong>nitatem;</strong></span> <span class='ocrx_word' id='word_1_506' title='bbox 1291 3631 1347 3704; x_wconf 92' lang='lat' dir='ltr'><strong>sin</strong></span> <span class='ocrx_word' id='word_1_507' title='bbox 1368 3635 1458 3705; x_wconf 92' lang='lat' dir='ltr'><strong>duae</strong></span> <span class='ocrx_word' id='word_1_508' title='bbox 1484 3647 1546 3704; x_wconf 90' lang='lat' dir='ltr'><strong>aut</strong></span> <span class='ocrx_word' id='word_1_509' title='bbox 1570 3646 1661 3720; x_wconf 91' lang='lat' dir='ltr'><strong>tres,</strong></span> <span class='ocrx_word' id='word_1_510' title='bbox 1701 3631 1836 3706; x_wconf 87' lang='lat' dir='ltr'><strong>hiemes</strong></span> <span class='ocrx_word' id='word_1_511' title='bbox 1861 3635 2073 3728; x_wconf 84' lang='lat' dir='ltr'><strong>significant.</strong></span> 
     </span>
     <span class='ocr_line' id='line_1_83' title="bbox 1079 3731 2074 3834; baseline -0.006 -26"><span class='ocrx_word' id='word_1_512' title='bbox 1079 3735 1126 3808; x_wconf 87' lang='lat' dir='ltr'><strong>Et</strong></span> <span class='ocrx_word' id='word_1_513' title='bbox 1156 3731 1221 3808; x_wconf 92' lang='lat' dir='ltr'><strong>has</strong></span> <span class='ocrx_word' id='word_1_514' title='bbox 1251 3737 1417 3829; x_wconf 91' lang='lat' dir='ltr'><strong>quidem,</strong></span> <span class='ocrx_word' id='word_1_515' title='bbox 1457 3737 1485 3806; x_wconf 93' lang='lat' dir='ltr'><strong>si</strong></span> <span class='ocrx_word' id='word_1_516' title='bbox 1509 3739 1706 3807; x_wconf 91' lang='lat' dir='ltr'><strong>subrubrae</strong></span> <span class='ocrx_word' id='word_1_517' title='bbox 1730 3739 1883 3822; x_wconf 84' lang='lat' dir='ltr'><strong>fuerint,</strong></span> <span class='ocrx_word' id='word_1_518' title='bbox 1914 3751 1949 3807; x_wconf 93' lang='lat' dir='ltr'><strong>et</strong></span> <span class='ocrx_word' id='word_1_519' title='bbox 1971 3735 2074 3834; x_wconf 88' lang='lat' dir='ltr'><strong>quasi</strong></span> 
     </span>
     <span class='ocr_line' id='line_1_84' title="bbox 1079 3837 2074 3934; baseline -0.004 -26"><span class='ocrx_word' id='word_1_520' title='bbox 1079 3851 1293 3934; x_wconf 89' lang='lat' dir='ltr'><strong>perruptae,</strong></span> <span class='ocrx_word' id='word_1_521' title='bbox 1327 3861 1406 3908; x_wconf 90' lang='lat' dir='ltr'><strong>cum</strong></span> <span class='ocrx_word' id='word_1_522' title='bbox 1424 3837 1633 3930; x_wconf 81' lang='lat' dir='ltr'><strong>impetuosis</strong></span> <span class='ocrx_word' id='word_1_523' title='bbox 1648 3867 1688 3910; x_wconf 91' lang='lat' dir='ltr'><strong>ac</strong></span> <span class='ocrx_word' id='word_1_524' title='bbox 1704 3837 1972 3910; x_wconf 87' lang='lat' dir='ltr'><strong>vehementibus</strong></span> <span class='ocrx_word' id='word_1_525' title='bbox 1989 3863 2074 3906; x_wconf 79' lang='lat' dir='ltr'><strong>ven-</strong></span> 
     </span>
     <span class='ocr_line' id='line_1_85' title="bbox 1080 3941 2074 4039; baseline -0.002 -27"><span class='ocrx_word' id='word_1_526' title='bbox 1080 3943 1125 4012; x_wconf 91' lang='lat' dir='ltr'><strong>tis</strong></span> <span class='ocrx_word' id='word_1_527' title='bbox 1139 3941 1325 4011; x_wconf 90' lang='lat' dir='ltr'><strong>invasuras</strong></span> <span class='ocrx_word' id='word_1_528' title='bbox 1338 3945 1523 4012; x_wconf 88' lang='lat' dir='ltr'><strong>denotant.</strong></span> <span class='ocrx_word' id='word_1_529' title='bbox 1575 3941 1613 4014; x_wconf 91' lang='lat' dir='ltr'><strong>Si</strong></span> <span class='ocrx_word' id='word_1_530' title='bbox 1630 3943 1843 4034; x_wconf 87' lang='lat' dir='ltr'><strong>caliginosae</strong></span> <span class='ocrx_word' id='word_1_531' title='bbox 1865 3967 1905 4012; x_wconf 89' lang='lat' dir='ltr'><strong>ac</strong></span> <span class='ocrx_word' id='word_1_532' title='bbox 1924 3941 2074 4039; x_wconf 81' lang='lat' dir='ltr'><strong>spissae,</strong></span> 
     </span>
     <span class='ocr_line' id='line_1_86' title="bbox 1082 4043 2072 4136; baseline -0.002 -23"><span class='ocrx_word' id='word_1_533' title='bbox 1082 4070 1160 4115; x_wconf 91' lang='lat' dir='ltr'><strong>cum</strong></span> <span class='ocrx_word' id='word_1_534' title='bbox 1178 4043 1338 4120; x_wconf 72' lang='lat' dir='ltr'><strong>nivibusr</strong></span> <span class='ocrx_word' id='word_1_535' title='bbox 1365 4043 1394 4113; x_wconf 93' lang='lat' dir='ltr'><strong>si</strong></span> <span class='ocrx_word' id='word_1_536' title='bbox 1412 4043 1570 4127; x_wconf 90' lang='lat' dir='ltr'><strong>luridae,</strong></span> <span class='ocrx_word' id='word_1_537' title='bbox 1597 4045 1720 4136; x_wconf 84' lang='lat' dir='ltr'><strong>nigrae</strong></span> <span class='ocrx_word' id='word_1_538' title='bbox 1745 4057 1779 4113; x_wconf 91' lang='lat' dir='ltr'><strong>ct</strong></span> <span class='ocrx_word' id='word_1_539' title='bbox 1802 4047 1961 4129; x_wconf 89' lang='lat' dir='ltr'><strong>lacerae,</strong></span> <span class='ocrx_word' id='word_1_540' title='bbox 1993 4050 2072 4112; x_wconf 84' lang='lat' dir='ltr'><strong>cunt</strong></span> 
     </span>
     <span class='ocr_line' id='line_1_87' title="bbox 1080 4143 2074 4239; baseline -0.005 -21"><span class='ocrx_word' id='word_1_541' title='bbox 1080 4147 1252 4239; x_wconf 89' lang='lat' dir='ltr'><strong>utrisque.</strong></span> <span class='ocrx_word' id='word_1_542' title='bbox 1286 4143 1452 4238; x_wconf 90' lang='lat' dir='ltr'><strong>Denique</strong></span> <span class='ocrx_word' id='word_1_543' title='bbox 1468 4170 1539 4238; x_wconf 91' lang='lat' dir='ltr'><strong>quo</strong></span> <span class='ocrx_word' id='word_1_544' title='bbox 1555 4147 1675 4238; x_wconf 89' lang='lat' dir='ltr'><strong>plures</strong></span> <span class='ocrx_word' id='word_1_545' title='bbox 1689 4147 1824 4218; x_wconf 84' lang='lat' dir='ltr'><strong>suerint</strong></span> <span class='ocrx_word' id='word_1_546' title='bbox 1840 4172 1956 4234; x_wconf 78' lang='lat' dir='ltr'><strong>areae,</strong></span> <span class='ocrx_word' id='word_1_547' title='bbox 1973 4153 2074 4215; x_wconf 87' lang='lat' dir='ltr'><strong>tanto</strong></span> 
     </span>
     <span class='ocr_line' id='line_1_88' title="bbox 1082 4241 2074 4338; baseline -0.002 -19"><span class='ocrx_word' id='word_1_548' title='bbox 1082 4249 1236 4319; x_wconf 88' lang='lat' dir='ltr'><strong>maiores</strong></span> <span class='ocrx_word' id='word_1_549' title='bbox 1266 4241 1401 4318; x_wconf 89' lang='lat' dir='ltr'><strong>hiemes</strong></span> <span class='ocrx_word' id='word_1_550' title='bbox 1424 4253 1656 4338; x_wconf 88' lang='lat' dir='ltr'><strong>portendunt.</strong></span> <span class='ocrx_word' id='word_1_551' title='bbox 1722 4249 1935 4322; x_wconf 88' lang='lat' dir='ltr'><strong>Errantibus</strong></span> <span class='ocrx_word' id='word_1_552' title='bbox 1964 4261 1999 4319; x_wconf 88' lang='lat' dir='ltr'><strong>et</strong></span> <span class='ocrx_word' id='word_1_553' title='bbox 2020 4248 2074 4318; x_wconf 88' lang='lat' dir='ltr'><strong>in·</strong></span> 
     </span>
     <span class='ocr_line' id='line_1_89' title="bbox 1082 4347 2164 4443; baseline 0.003 -22"><span class='ocrx_word' id='word_1_554' title='bbox 1082 4349 1283 4421; x_wconf 90' lang='lat' dir='ltr'><strong>errantibus</strong></span> <span class='ocrx_word' id='word_1_555' title='bbox 1324 4351 1626 4443; x_wconf 87' lang='lat' dir='ltr'><strong>splendidioribus</strong></span> <span class='ocrx_word' id='word_1_556' title='bbox 1674 4353 1907 4424; x_wconf 81' lang='lat' dir='ltr'><strong>circumfusae</strong></span> <span class='ocrx_word' id='word_1_557' title='bbox 1957 4347 2075 4437; x_wconf 80' lang='lat' dir='ltr'><strong>areae&#39;,</strong></span> <span class='ocrx_word' id='word_1_558' title='bbox 2161 4415 2164 4424; x_wconf 84' lang='grc'><em>,</em></span> 
     </span>
     <span class='ocr_line' id='line_1_90' title="bbox 1080 4453 2074 4552; baseline -0.002 -30"><span class='ocrx_word' id='word_1_559' title='bbox 1080 4453 1300 4547; x_wconf 88' lang='lat' dir='ltr'><strong>proprietate</strong></span> <span class='ocrx_word' id='word_1_560' title='bbox 1325 4455 1454 4524; x_wconf 90' lang='lat' dir='ltr'><strong>coloris</strong></span> <span class='ocrx_word' id='word_1_561' title='bbox 1478 4453 1533 4523; x_wconf 88' lang='lat' dir='ltr'><strong>sui</strong></span> <span class='ocrx_word' id='word_1_562' title='bbox 1556 4457 1771 4526; x_wconf 90' lang='lat' dir='ltr'><strong>denuntiant</strong></span> <span class='ocrx_word' id='word_1_563' title='bbox 1794 4483 1855 4543; x_wconf 89' lang='lat' dir='ltr'><strong>ea,</strong></span> <span class='ocrx_word' id='word_1_564' title='bbox 1895 4477 1988 4552; x_wconf 87' lang='lat' dir='ltr'><strong>quae</strong></span> <span class='ocrx_word' id='word_1_565' title='bbox 2009 4478 2074 4522; x_wconf 91' lang='lat' dir='ltr'><strong>na-</strong></span> 
     </span>
     <span class='ocr_line' id='line_1_91' title="bbox 1081 4553 2065 4628; baseline -0.01 0"><span class='ocrx_word' id='word_1_566' title='bbox 1081 4572 1183 4628; x_wconf 91' lang='lat' dir='ltr'><strong>turae</strong></span> <span class='ocrx_word' id='word_1_567' title='bbox 1199 4558 1319 4625; x_wconf 86' lang='lat' dir='ltr'><strong>lerunt</strong></span> <span class='ocrx_word' id='word_1_568' title='bbox 1333 4553 1528 4628; x_wconf 88' lang='lat' dir='ltr'><strong>stellarum.</strong></span> <span class='ocrx_word' id='word_1_569' title='bbox 2060 4559 2065 4575; x_wconf 95' lang='lat'>&#39;</span> 
     </span>
    </p>
   </div>
   <div class='ocr_carea' id='block_1_12' title="bbox 1081 4671 2075 5179">
    <p class='ocr_par' dir='ltr' id='par_1_12' title="bbox 1081 4671 2075 5179">
     <span class='ocr_line' id='line_1_92' title="bbox 1183 4671 2075 4766; baseline 0.002 -22"><span class='ocrx_word' id='word_1_570' title='bbox 1183 4671 1425 4746; x_wconf 92' lang='lat' dir='ltr'><strong>Iuerrantinm</strong></span> <span class='ocrx_word' id='word_1_571' title='bbox 1452 4675 1559 4746; x_wconf 91' lang='lat' dir='ltr'><strong>etiam</strong></span> <span class='ocrx_word' id='word_1_572' title='bbox 1577 4675 1759 4748; x_wconf 90' lang='lat' dir='ltr'><strong>minorum</strong></span> <span class='ocrx_word' id='word_1_573' title='bbox 1776 4676 1873 4746; x_wconf 89' lang='lat' dir='ltr'><strong>velut</strong></span> <span class='ocrx_word' id='word_1_574' title='bbox 1890 4685 2075 4766; x_wconf 90' lang='lat' dir='ltr'><strong>congestos</strong></span> 
     </span>
     <span class='ocr_line' id='line_1_93' title="bbox 1082 4777 2074 4874; baseline -0.004 -26"><span class='ocrx_word' id='word_1_575' title='bbox 1082 4804 1228 4848; x_wconf 88' lang='lat' dir='ltr'><strong>acervos</strong></span> <span class='ocrx_word' id='word_1_576' title='bbox 1252 4777 1507 4869; x_wconf 82' lang='lat' dir='ltr'><strong>adspiciemus,</strong></span> <span class='ocrx_word' id='word_1_577' title='bbox 1535 4805 1607 4872; x_wconf 93' lang='lat' dir='ltr'><strong>quo</strong></span> <span class='ocrx_word' id='word_1_578' title='bbox 1632 4779 1770 4862; x_wconf 87' lang='lat' dir='ltr'><strong>colore,</strong></span> <span class='ocrx_word' id='word_1_579' title='bbox 1799 4803 1912 4874; x_wconf 88' lang='lat' dir='ltr'><strong>quave</strong></span> <span class='ocrx_word' id='word_1_580' title='bbox 1937 4779 2074 4866; x_wconf 88' lang='lat' dir='ltr'><strong>magni-</strong></span> 
     </span>
     <span class='ocr_line' id='line_1_94' title="bbox 1081 4879 2075 4976; baseline -0.002 -24"><span class='ocrx_word' id='word_1_581' title='bbox 1081 4883 1204 4952; x_wconf 87' lang='lat' dir='ltr'><strong>tudine</strong></span> <span class='ocrx_word' id='word_1_582' title='bbox 1220 4883 1420 4968; x_wconf 84' lang='lat' dir='ltr'><strong>videantur.</strong></span> <span class='ocrx_word' id='word_1_583' title='bbox 1473 4879 1565 4950; x_wconf 89' lang='lat' dir='ltr'><strong>Nam</strong></span> <span class='ocrx_word' id='word_1_584' title='bbox 1581 4883 1612 4952; x_wconf 92' lang='lat' dir='ltr'><strong>si</strong></span> <span class='ocrx_word' id='word_1_585' title='bbox 1626 4881 1883 4976; x_wconf 88' lang='lat' dir='ltr'><strong>splendidiores</strong></span> <span class='ocrx_word' id='word_1_586' title='bbox 1907 4880 2075 4971; x_wconf 85' lang='lat' dir='ltr'><strong>grandio-</strong></span> 
     </span>
     <span class='ocr_line' id='line_1_95' title="bbox 1082 4983 2074 5080; baseline -0.001 -26"><span class='ocrx_word' id='word_1_587' title='bbox 1082 5010 1208 5080; x_wconf 89' lang='lat' dir='ltr'><strong>resque</strong></span> <span class='ocrx_word' id='word_1_588' title='bbox 1233 4983 1467 5076; x_wconf 90' lang='lat' dir='ltr'><strong>apparuerint</strong></span> <span class='ocrx_word' id='word_1_589' title='bbox 1489 4983 1616 5067; x_wconf 89' lang='lat' dir='ltr'><strong>solito,</strong></span> <span class='ocrx_word' id='word_1_590' title='bbox 1660 5007 1873 5080; x_wconf 89' lang='lat' dir='ltr'><strong>quacunque</strong></span> <span class='ocrx_word' id='word_1_591' title='bbox 1904 4987 1942 5053; x_wconf 93' lang='lat' dir='ltr'><strong>in</strong></span> <span class='ocrx_word' id='word_1_592' title='bbox 1970 4983 2074 5076; x_wconf 90' lang='lat' dir='ltr'><strong>plaga</strong></span> 
     </span>
     <span class='ocr_line' id='line_1_96' title="bbox 1081 5085 2074 5179; baseline 0 -21"><span class='ocrx_word' id='word_1_593' title='bbox 1081 5085 1172 5158; x_wconf 88' lang='lat' dir='ltr'><strong>coeli</strong></span> <span class='ocrx_word' id='word_1_594' title='bbox 1198 5086 1442 5169; x_wconf 84' lang='lat' dir='ltr'><strong>constiterint,</strong></span> <span class='ocrx_word' id='word_1_595' title='bbox 1477 5085 1521 5152; x_wconf 91' lang='lat' dir='ltr'><strong>ab</strong></span> <span class='ocrx_word' id='word_1_596' title='bbox 1549 5109 1590 5154; x_wconf 91' lang='lat' dir='ltr'><strong>ea</strong></span> <span class='ocrx_word' id='word_1_597' title='bbox 1623 5099 1749 5158; x_wconf 86' lang='lat' dir='ltr'><strong>ventos</strong></span> <span class='ocrx_word' id='word_1_598' title='bbox 1782 5087 1980 5179; x_wconf 89' lang='lat' dir='ltr'><strong>spiraturus</strong></span> <span class='ocrx_word' id='word_1_599' title='bbox 2013 5091 2074 5158; x_wconf 86' lang='lat' dir='ltr'><strong>de-</strong></span> 
     </span>
    </p>
   </div>
   <div class='ocr_carea' id='block_1_13' title="bbox 1087 5241 1291 5253">
    <p class='ocr_par' dir='ltr' id='par_1_13' title="bbox 1087 5241 1291 5253">
     <span class='ocr_line' id='line_1_97' title="bbox 1087 5241 1291 5253; baseline -0.01 0"><span class='ocrx_word' id='word_1_600' title='bbox 1087 5241 1291 5253; x_wconf 50' lang='lat' dir='ltr'>*nn——</span> 
     </span>
    </p>
   </div>
   <div class='ocr_carea' id='block_1_14' title="bbox 1115 5278 2065 5388">
    <p class='ocr_par' dir='ltr' id='par_1_14' title="bbox 1115 5278 2065 5388">
     <span class='ocr_line' id='line_1_98' title="bbox 1115 5278 2065 5388; baseline 0 -16"><span class='ocrx_word' id='word_1_601' title='bbox 1115 5319 1162 5381; x_wconf 77' lang='lat' dir='ltr'><strong>tt)</strong></span> <span class='ocrx_word' id='word_1_602' title='bbox 1181 5321 1263 5384; x_wconf 80' lang='lat' dir='ltr'><strong>orte,</strong></span> <span class='ocrx_word' id='word_1_603' title='bbox 1281 5321 1345 5382; x_wconf 79' lang='lat' dir='ltr'><strong>ert]</strong></span> <span class='ocrx_word' id='word_1_604' title='bbox 1363 5319 1414 5373; x_wconf 75' lang='lat' dir='ltr'><strong>tte.</strong></span> <span class='ocrx_word' id='word_1_605' title='bbox 1428 5317 1506 5370; x_wconf 77' lang='lat' dir='ltr'><strong>tttt.</strong></span> <span class='ocrx_word' id='word_1_606' title='bbox 1525 5329 1623 5388; x_wconf 79' lang='lat' dir='ltr'><strong>errore</strong></span> <span class='ocrx_word' id='word_1_607' title='bbox 1640 5278 1770 5386; x_wconf 60' lang='lat' dir='ltr'><strong>tinem:</strong></span> <span class='ocrx_word' id='word_1_608' title='bbox 1795 5321 1861 5386; x_wconf 82' lang='lat' dir='ltr'><strong>orb,</strong></span> <span class='ocrx_word' id='word_1_609' title='bbox 1889 5322 1961 5375; x_wconf 80' lang='lat' dir='ltr'><strong>sent</strong></span> <span class='ocrx_word' id='word_1_610' title='bbox 2061 5370 2065 5385; x_wconf 80' lang='grc'><strong>,</strong></span> 
     </span>
    </p>
   </div>
   <div class='ocr_carea' id='block_1_15' title="bbox 1121 5401 2076 5542">
    <p class='ocr_par' dir='ltr' id='par_1_15' title="bbox 1121 5401 2076 5542">
     <span class='ocr_line' id='line_1_99' title="bbox 1121 5401 2076 5542; baseline 0.003 -84"><span class='ocrx_word' id='word_1_611' title='bbox 1121 5407 1168 5528; x_wconf 62' lang='grc' dir='ltr'><strong>1θέ</strong></span> <span class='ocrx_word' id='word_1_612' title='bbox 1186 5405 1337 5542; x_wconf 54' lang='lat' dir='ltr'><strong>qqqqqttqo]</strong></span> <span class='ocrx_word' id='word_1_613' title='bbox 1356 5403 1406 5458; x_wconf 79' lang='lat' dir='ltr'><strong>Ed.</strong></span> <span class='ocrx_word' id='word_1_614' title='bbox 1422 5401 1498 5455; x_wconf 64' lang='lat'><strong>¹55³.</strong></span> <span class='ocrx_word' id='word_1_615' title='bbox 1516 5405 1590 5457; x_wconf 75' lang='lat' dir='ltr'><strong>male</strong></span> <span class='ocrx_word' id='word_1_616' title='bbox 1608 5403 1778 5465; x_wconf 72' lang='lat' dir='ltr'><strong>dtrlunctlm:</strong></span> <span class='ocrx_word' id='word_1_617' title='bbox 1810 5408 1963 5460; x_wconf 76' lang='lat' dir='ltr'><strong>subrutilo</strong></span> <span class='ocrx_word' id='word_1_618' title='bbox 1986 5405 2076 5468; x_wconf 79' lang='lat' dir='ltr'><strong>(rtet.</strong></span> 
     </span>
     <span class='ocr_line' id='line_1_100' title="bbox 1170 5486 2012 5525; baseline 0.004 -2"><span class='ocrx_word' id='word_1_619' title='bbox 1170 5489 1191 5523; x_wconf 82' lang='grc' dir='ltr'>π</span> <span class='ocrx_word' id='word_1_620' title='bbox 1273 5487 1316 5525; x_wconf 77' lang='lat' dir='ltr'><strong>e.</strong></span> <span class='ocrx_word' id='word_1_621' title='bbox 1422 5486 1427 5498; x_wconf 93' lang='lat'>·</span> <span class='ocrx_word' id='word_1_622' title='bbox 1606 5494 1611 5504; x_wconf 89' lang='lat'>·</span> <span class='ocrx_word' id='word_1_623' title='bbox 1812 5493 1840 5522; x_wconf 69' lang='grc'><strong>,·</strong></span> <span class='ocrx_word' id='word_1_624' title='bbox 1996 5489 2012 5500; x_wconf 93' lang='grc'><strong>··</strong></span> 
     </span>
    </p>
   </div>
   <div class='ocr_carea' id='block_1_16' title="bbox 0 0 2357 5808">
    <p class='ocr_par' dir='ltr' id='par_1_16' title="bbox 0 0 2357 5808">
     <span class='ocr_line' id='line_1_101' title="bbox 0 0 2357 5808; baseline 0 0"><span class='ocrx_word' id='word_1_625' title='bbox 0 0 2357 5808; x_wconf 95' lang='lat' dir='ltr'><strong> </strong></span> 
     </span>
    </p>
   </div>
  </div>
 </body>
</html>
