4616 5810
56 233 116 324 ιιι
319 319 332 330 ῃ
432 227 541 307 svn
590 201 1389 312 umnenarsrtoeuoumsssaou
1414 227 1667 305 nuenton.
1805 221 1813 234 ’
1993 229 2070 306 ιιι
2205 277 2211 291 .

54 409 115 484 880
141 406 310 498 Spitaulfl
328 403 419 482 urm
442 379 664 497 Zephyritis
691 405 790 478 coelo
816 429 842 452 ·’
1075 402 1154 477 870
1182 403 1338 496 Propter
1369 406 1468 497 qnod
1497 401 1605 472 etiarn
1631 417 1772 489 metuo,
1813 429 1861 477 ne
1882 431 1940 479 me
1968 409 2080 478 intra·
2160 453 2163 458 -
2293 473 2294 482 ,

303 521 306 528 ’
377 509 684 598 latistrople.
965 548 969 557 ·
1487 505 1578 574 retia

94 609 278 701 Optimum,
298 502 504 686 stridorem.
528 605 557 691 †
584 503 708 681 Blasii
736 634 785 680 ox·
804 609 893 681 urhe
916 627 997 676 mea
1129 603 1371 698 Accipientes,
1389 629 1465 675 non
1478 607 1704 677 dimittant
1675 634 1751 679 srne
1770 613 1876 682 caede
1892 619 2069 710 corporis.
2103 654 2107 668 =

96 712 139 798 Ut
161 737 274 790 essem
295 713 435 794 ιιοιιιιιιι
459 710 642 802 Apollini,
665 713 748 785 veni
771 713 812 782 in
829 711 1024 783 Cadmeam
1128 708 1362 803 Quapropter
1384 709 1657 779 circurnlerendi
1679 726 1762 783 sunt
1785 717 1945 812 undique
1970 723 2066 794 oculi

406 824 583 883 terram
784 883 787 888 ,
835 840 839 850 ·
1127 810 1207 880 Huc
1232 824 1267 880 et
1288 813 1392 894 illuc,
1417 835 1462 880 ne
1487 812 1567 906 quis
1588 799 1646 882 sit
1659 814 1774 886 dolus.

13 919 112 1000 226
139 920 360 1039 lnclytorum
383 914 582 996 liberorum
605 916 802 1006 Agenoris,
826 914 934 985 missa
954 908 1025 984 huc
1126 914 1299 986 Armatus
1326 939 1473 984 manum
1497 909 1684 997 herenee,

441 1017 489 1088 ad
511 1031 680 1108 cognatas
699 1015 782 1088 Laii
1076 1004 1153 1091 876
1175 1013 1359 1100 Efficiam,
1382 1029 1423 1087 ut
1445 1027 1520 1088 tuta
1551 1015 1597 1086 sit
1620 1011 1710 1086 mihi
1731 1017 1867 1088 fiducia
1884 1023 2069 1101 audaciae.

13 1055 64 1170 l
92 1123 243 1205 Turres,
266 1142 359 1215 quae
375 1129 460 1190 suut
474 1118 566 1190 sicut
581 1131 719 1193 statuae
736 1145 779 1191 er
794 1141 883 1193 auro
897 1120 1024 1200 factae.
1128 1116 1225 1188 Heus
1240 1119 1352 1213 quid
1342 1131 1431 1190 istnc
1446 1115 1523 1189 est?
1547 1141 1594 1188 an
1609 1143 1695 1189 vero
1713 1121 1902 1212 strepitum
1921 1129 2068 1202 metuo?

13 1275 14 1290 ,
91 1226 172 1295 Sum
194 1247 297 1295 serva
321 1220 513 1314 Apollinis.
1130 1219 1294 1310 „Omnia
1322 1221 1416 1292 enim
1436 1218 1649 1292 audentibus
1671 1223 1871 1313 periculosa
1886 1228 2068 1318 videntur,

13 1315 15 1372 l
50 1328 112 1404 280
134 1327 326 1398 Praeterea
352 1333 516 1415 expectat
539 1344 599 1394 me
622 1347 715 1418 aqua
735 1325 881 1397 Castalii
903 1319 1024 1408 sontis,
1130 1322 1325 1414 „Quando
1342 1348 1407 1417 per
1430 1319 1597 1394 hostilem
1620 1323 1791 1395 incedunt
1814 1331 2017 1433 terram¹¹).

91 1429 137 1500 Ut
158 1429 253 1521 riget
273 1451 374 1501 meas
391 1448 534 1509 comas,
562 1426 706 1500 delicias
727 1427 922 1520 virginum,
1125 1425 1292 1502 Confisus
1315 1451 1395 1498 sum
1416 1423 1544 1508 matri,
1564 1423 1616 1520 (et
1630 1439 1752 1498 tamen
1767 1451 1843 1498 nnn
1857 1432 1966 1521 plane
1983 1461 2069 1508 con-

437 1531 619 1617 Epudue.
1201 1569 1204 1575 ·
1283 1541 1287 1550 ‘
1485 1529 1557 1597 fido

86 1631 122 1702 ln
145 1631 321 1704 sacrificio
336 1525 488 1702 Pbolhi.
508 1627 536 1712 †
560 1524 798 1722 Osdlendens
813 1643 914 1725 petra
932 1629 1025 1722 ignis
1077 1631 1153 1705 880
1176 1631 1278 1723 Quae
1299 1627 1389 1702 mihi
1413 1526 1609 1724 persuasit,
1636 1641 1677 1699 ut
1695 1629 1797 1702 factis
1823 1632 1974 1710 induciis
1995 1636 2067 1714 huc

48 1731 111 1812 286
130 1733 286 1814 Leunine
310 1735 466 1804 duorurn
490 1732 684 1816 verticum,
705 1759 815 1826 supra
839 1753 1010 1814 cacumen
1485 1731 1900 1802 venirem·

88 1833 237 1918 Barchi3
262 1847 298 1904 et
322 1848 381 1918 tu,
405 1860 427 1902 n
452 1832 536 1916 vitis
558 1830 704 1920 Bacchi,
1129 1833 1199 1906 Sed
1222 1857 1337 1926 prope
1352 1845 1406 1906 est
1421 1833 1610 1912 auxilium
1634 1832 1707 1904 loci
1729 1833 1825 1904 enim
1849 1835 2018 1913 altarium

92 1941 191 2033 Quae
213 1939 355 2058 profers
379 1935 631 2031 quotidianum
657 1947 797 2028 potum,
913 1947 915 1952 ’
1127 1937 1248 2030 Prope
1275 1939 1423 2021 adsunt,
1450 1949 1485 2006 et
1503 1961 1578 2006 non
1602 1937 1763 2006 desertae
1789 1938 1929 2012 domus.

89 2043 253 2133 Agrestes
276 2039 444 2119 amittens
463 2037 608 2122 botros,
632 2039 797 2110 odivina
821 2051 927 2112 antra
943 2040 1025 2112 dra·
1129 2042 1204 2130 Age
1229 2037 1408 2110 dimittam
1430 2037 1652 2131 gladiumin
1676 2038 1867 2110 obscuram
1887 2043 2070 2134 vaginam,

450 2139 563 2224 conis,
1128 2141 1176 2212 Et
1197 2136 1262 2211 has
1285 2141 1537 2232 interrogabo,
1562 2163 1656 2234 quae
1679 2141 1822 2211 adstant
1843 2129 2003 2234 aedibus,

50 2245 114 2321 24⁰
150 2245 199 2316 Et
242 2266 306 2314 vos
337 2254 535 2312 montanae
572 2242 735 2331 speculae
767 2238 950 2327 Deorum,
991 2257 1029 2314 et
1078 2240 1156 2322 286
1187 2243 1404 2336 Peregrinae
1433 2243 1613 2316 mulieres.
1665 2241 1802 2327 Dicite,
1837 2269 1994 2338 quanam
2025 2275 2070 2324 ex

447 2340 656 2415 nivosum⁸⁰
664 2342 697 2438 ⁸)
1489 2345 1607 2437 patria

93 2443 324 2520 circumdans
347 2469 489 2516 sacrum
511 2456 673 2514 montem
696 2444 912 2514 immortalis
929 2441 1026 2514 Deae
1130 2445 1308 2517 Acceditis
1334 2447 1379 2518 ad
1406 2446 1561 2517 Graecas
1585 2443 1739 2516 domos?
1840 2455 1844 2462 ’

13 2600 14 2608 ι
92 2546 247 2632 Chorus,
270 2550 410 2632 ιιιίιιιιιιιΙ
426 2547 554 2618 fiam
525 2569 603 2616 srne
618 2546 770 2616 metuin
785 2545 860 2618 istis
876 2547 1028 2619 vallibus
1133 2550 1231 2624 ctae.
1256 2550 1372 2622 Terra
1391 2546 1588 2620 Phoenissa
1612 2546 1743 2638 patria
1753 2546 1845 2618 aluit
1865 2573 1940 2660 me·

13 2649 115 2728 846
137 2650 300 2735 Phoebi,
326 2651 533 2742 relinquens
555 2645 706 2718 Dircen!
1131 2652 1309 2744 Agenoris
1329 2665 1479 2746 nepotes
1505 2676 1547 2720 ex
1567 2648 1692 2742 spoliis

422 2751 653 2842 [Sarepta]
1133 2755 1311 2832 Miserunt
1334 2781 1392 2826 mc
1413 2751 1485 2829 huc
1505 2747 1653 2826 Phoebo
1678 2752 1891 2834 00118ῐί01οι

13 2877 15 2898 *
93 2857 193 2930 Nune
216 2868 301 2926 ante
323 2857 468 2928 moenia
489 2854 638 2922 veniens
661 2849 761 2922 Mars
781 2849 1037 2937 bellicosus,
1080 2855 1157 2931 290
1198 2857 1361 2954 Cumque
1389 2869 1480 2930 esset
1518 2880 1576 2925 me
1609 2854 1783 2928 missurus
1811 2852 1947 2950 oedipi
1979 2860 2074 2934 tilius
2105 2929 2111 2936 ,

13 2965 15 3054 [
92 2957 252 3032 lnoendit
272 2953 440 3028 hostilem
457 2953 690 3046 sanguinem,
712 2956 808 3048 quod
824 2953 964 3024 utinam
983 2977 1028 3022 ne
1493 2958 1648 3050 inclytus
2088 3041 2095 3059 Ι

13 3055 14 3058 '
451 3057 590 3128 accidat
610 3055 711 3135 urbi;
1111 3059 1188 3134 Ad
1209 3062 1456 3134 venerandum
1479 3059 1665 3130 oraculum
1682 3056 1880 3149 Apollinis,
1906 3072 1942 3130 et
1962 3083 2073 3154 pene-

52 3153 118 3232 860
142 3160 385 3246 „Communes
401 3184 498 3230 emm
507 3172 591 3230 sunt
607 3158 805 3228 amicorum
819 3155 1029 3251 doloresP).
1494 3160 1613 3244 atalia,
1631 3211 1634 3220 .

13 3327 14 3358 3
95 3263 293 3336 Commune
308 3276 380 3349 est,
395 3263 426 3334 si
444 3262 533 3358 quid
549 3260 685 3354 patitur
700 3260 770 3332 ista
784 3271 880 3328 terra
893 3271 1028 3351 septem
1134 3261 1273 3333 lnterea
1289 3261 1417 3355 Argivi
1441 3265 1622 3336 duxerunt
1645 3260 1839 3333 exercitum
1863 3262 1908 3333 ad
1935 3265 2075 3342 urbem.

13 3359 15 3432 l
453 3363 635 3446 turrium,
1096 3406 1112 3440 .;
1135 3365 1197 3438 Τιι
1208 3388 1296 3440 uero
1310 3367 1489 3458 responde
1506 3361 1609 3450 mihi,
1624 3363 1790 3458 quisnam
1806 3362 1868 3450 sis,
1877 3366 1948 3459 ¹qui
1961 3369 2064 3450 venis

13 3453 15 3532 l
96 3467 249 3560 Regiani
263 3459 495 3540 Phoenissae.
541 3460 645 3536 Eheu
666 3476 719 3534 est
734 3463 1030 3536 communissan-
1134 3469 1193 3538 Ad
1215 3463 1359 3539 Thebas
1384 3469 1510 3540 urbem
1534 3478 1670 3562 septem
1694 3465 1862 3536 turrium.
2187 3499 2194 3514 x

13 3553 15 3572 ’
453 3570 551 3662 guis,
575 3591 783 3639 communes
803 3568 908 3645 tiberi
1084 3565 1161 3652 896
1184 3573 1258 3644 Pol.
1281 3571 1390 3642 Pater
1415 3567 1505 3642 mihi
1527 3584 1580 3642 est
1601 3569 1783 3660 Oedipus,
1804 3566 1887 3640 Laii
1907 3571 2012 3658 lilius,
2126 3627 2133 3643 ι

13 3631 119 3742 866
144 3671 327 3744 Cornutae
348 3663 428 3744 leis:
452 3672 581 3765 quibus
605 3693 670 3762 ego
874 3694 876 3703 ⁴
994 3673 1002 3690 ’
1135 3673 1283 3766 Peperit
1305 3698 1362 3744 mo
1386 3671 1543 3757 locaste,
1563 3672 1635 3742 lilia
1657 3670 1855 3755 Menoecei‚
2071 3761 2074 3766 Ι

13 3845 15 3864 ‚
368 3766 711 3873 [Autirtropber]
1136 3776 1253 3852 Vocat
1279 3800 1336 3846 mc
1356 3776 1566 3869 Polynicem
1591 3771 1786 3844 Thebanus
1807 3773 1974 3864 populus.
2108 3771 2111 3785 ¹

13 3869 15 3954 l
96 3877 361 3958 Aerurnnarum
390 3877 569 3968 particeps
597 3899 689 3946 sum.
719 3871 747 3958 †
776 3872 896 3966 Apud
905 3873 1032 3962 rubens
1134 3882 1240 3954 Glor-
1264 3877 1298 3950 O
1318 3879 1485 3968 cognatio
1508 3877 1666 3948 filiorum
1681 3873 1870 3966 Agenoris,

459 3979 572 4050 nubes
601 3975 809 4070 clypeorum
923 4055 928 4066 ,
977 4054 983 4064 ,
1138 3981 1306 4055 Meorurn
1329 3979 1582 4062 dominorum,
1602 4003 1622 4048 a
1643 3978 1773 4073 quibus
1794 3977 2016 4052 missarum.
2077 4045 2081 4055 .

13 4093 15 4150 t
95 4078 214 4153 Densa
235 4083 416 4172 fulgurat,
437 4081 571 4174 species
597 4093 765 4149 cruentae
787 4100 942 4170 pugnae,
1088 4084 1164 4156 300
1186 4083 1393 4154 Procumbo
1417 4084 1463 4155 ad
1486 4105 1601 4174 genua

13 4169 120 4275 [860
147 4184 266 4276 Quam
291 4183 391 4272 Mars
414 4208 501 4254 mox
522 4183 659 4254 adseret
681 4183 763 4253 filiis
780 4179 924 4273 Oedipi,
1140 4186 1245 4270 Tibi,
1260 4201 1292 4254 'n
1314 4209 1398 4266 rer,
1425 4185 1543 4256 colens
1564 4185 1680 4275 legem
1701 4181 1871 4276 patriam.
2135 4257 2140 4268 ,

13 4300 14 4312 ’
96 4283 229 4358 Ferens
255 4309 388 4356 noxam
416 4288 461 4355 ab
484 4285 705 4378 Erinnybus.
1139 4288 1280 4363 Venisti
1300 4291 1542 4381 tandempnst
1565 4288 1713 4377 longum
1731 4299 1872 4381 tempus
1890 4281 1929 4354 in
1944 4295 2083 4370 tertam

100 4386 271 4481 OArgos
292 4389 493 4473 Graecum,
517 4401 640 4458 metuo
754 4430 758 4445 ·
1033 4418 1037 4432 =
1441 4453 1443 4460 ,
1476 4390 1670 4483 patriam.
2081 4467 2095 4481 g

13 4507 14 4532 ³
100 4488 220 4562 Tuum
247 4492 378 4584 robur,
399 4503 435 4561 et
455 4492 513 4576 id,
536 4490 635 4586 quod
656 4483 828 4556 divinitus
850 4481 990 4554 accidit
1141 4492 1238 4565 Heus
1268 4488 1357 4568 heus
1396 4496 1603 4567 veneranda
1634 4503 1772 4576 mater,
1814 4488 1938 4562 venias
1980 4500 2080 4558 ertra

13 4587 126 4666 866
148 4593 231 4664 Non
256 4594 353 4698 enirn
376 4593 454 4664 ad'
443 4595 617 4664 iniustum
640 4601 822 4660 certamen
845 4596 1004 4656 armatus
1091 4583 1100 4644 '.
1182 4621 1184 4626 v
1309 4661 1311 4670 ,
1504 4599 1628 4680 aedes,
1650 4619 1753 4687 sperr
1741 4591 1913 4684 'portasi

13 4697 15 4704 ,
102 4693 241 4768 Venit'
229 4691 389 4782 iuvenis,
414 4697 479 4790 qui
500 4698 545 4766 ad
569 4692 662 4767 hanc
684 4693 832 4762 domum
857 4687 1003 4776 accedit.
1092 4696 1168 4772 305
1203 4699 1300 4772 Num
1330 4700 1443 4782 audi,
1478 4697 1593 4784 hunc
1633 4721 1740 4793 qum
1771 4691 1967 4788 peperisti?
1990 4691 2083 4786 ,μᾶ

13 4805 329 4908 [Polynicen
365 4819 769 4899 dissuaderem,
805 4803 1037 4906 Eteoclea]
1097 4841 1129 4866 -·-
1297 4867 1300 4875 .
1504 4801 1681 4874 cunctaris
1952 4848 1959 4872 .
2010 4823 2083 4966 [Ὶῃ

106 4921 177 4990 Pol.
200 4921 367 4992 Claustra
390 4917 585 4991 ianitorum
612 4933 677 4990 me.
694 4925 907 5005 receperunt
1144 4903 1277 4997 Egredi
1303 4906 1435 4980 aulam
1441 4907 1641 4989 excelsam,
1667 4913 1703 4973 et
1726 4895 1914 4990 complecti
1935 4894 2058 4966 b'rsc
2049 4921 2083 5002 ra

104 5017 243 5107 Facile,
266 5034 308 5092 ut
328 5020 489 5091 venirem
510 5025 549 5089 in
572 5021 711 5101 urbem,
1222 5051 1224 5059 ,
1420 5061 1424 5068 .
1508 5005 1599 5078 lilii?

64 5178 261 5194 .-...,..
1146 5113 1268 5181 locust.
1294 5109 1329 5179 0
1347 5111 1507 5201 puellae,
1533 5134 1656 5180 vocem
1680 5078 1947 5178 Phoenissam'
1936 5074 2031 5175 intra

95 5256 159 5322 wa)
182 5253 323 5322 ulvosum]
353 5257 469 5316 stet-:-
493 5254 587 5317 Eurlp.
616 5267 683 5320 νιιφ
676 5247 749 5318 ἰιρ
702 5247 749 5299 ιιι
752 5252 782 5308 ν)
811 5247 896 5303 uult.
922 5247 1045 5308 recent,
1097 5269 1330 5295 ..................

95 5325 608 5460 816Ἓ81τὲιι668186666688,
628 5389 701 5442 taut.
721 5388 750 5438 tn
778 5397 882 5450 marg.
889 5346 1047 5450 appositu
1115 5375 1184 5446 88)
1200 5377 1234 5425 tt
1249 5374 1534 5442 8818081888,
1564 5373 1639 5429 tace.
1663 5375 1730 5426 nota
1752 5353 2085 5438 mergiu211oltlnltll

130 5467 173 5514 sss
189 5466 382 5528 normann.
399 5465 556 5518 ιωιιιιιιιι
569 5424 662 5515 sinte
672 5456 841 5516 samua.
1166 5431 1276 5494 vuitus
1296 5445 1428 5589 tutan26
1447 5494 1467 5548 ᾖ
