4600 5804
13 2 68 11 ι.»-

48 237 107 317 sos
488 175 1607 354 11111’1111511111151111011101115111111111111515
1852 289 1859 296 .
1991 245 2066 318 soc

90 409 176 482 Abiit
206 401 299 476 mihi
338 405 588 578 henevtrgentia
630 433 714 503 erga
757 408 850 487 hanc
890 413 1017 484 urbem
1119 417 1370 504 Agamemnon
1400 407 1503 480 dunt
1534 399 1942 483 violenter'adulterino
1979 439 2063 487 con-

432 509 463 578 P
490 513 645 605 typum,
859 538 864 571 ε
950 509 958 520 ’
1368 541 1371 550 ’
1488 509 1621 580 cuhitn.

91 615 183 708 Quae
197 633 291 680 nunc
306 610 450 682 incensa
466 627 537 698 est,
563 629 599 684 et
612 617 657 687 ah
672 617 808 710 Argivo
824 619 980 688 exercitu
1070 613 1119 690 45
1146 617 1215 686 Sed
1232 615 1331 697 vale,
1358 637 1380 682 o
1396 609 1524 714 civitas
1535 613 1719 706 qnondam
1732 615 1860 702 heato,

90 713 194 786 Periit
209 726 419 805 expugnata.
471 714 566 786 Nam
580 717 776 792 Parnasius
1114 714 1165 789 Et
1182 727 1348 787 comata
1361 737 1441 784 arx:
1468 713 1547 784 site
1560 737 1636 784 non
1652 716 1866 806 perdidisset

49 818 89 888 10
110 817 221 910 Epeos
236 812 450 901 Phocensis,
474 817 668 894 instructus
686 846 707 892 a
721 823 905 906 Minerva,
1118 819 1258 904 Pallas,
1283 841 1375 891 esses
1390 811 1507 902 adhuc
1520 816 1560 884 iu
1576 817 1718 888 sedibus
1732 821 1814 894 tuis.
1956 849 1963 874 ⁸

87 917 222 1014 Equum
238 917 348 990 armis
362 919 550 1010 gravidum
563 922 759 1010 fabricans,
1119 927 1214 996 Mt».
1239 919 1385 994 Licetne
1400 915 1645 1013 propinquum
1661 921 1775 1012 patris

88 1021 180 1092 Misit
194 1019 288 1090 intra
305 1021 448 1091 moenia
464 1023 605 1094 exitiale
622 1049 730 1098 onus:
1115 1025 1164 1096 Et
1177 1037 1362 1117 potentem
1380 1036 1415 1093 et
1429 1019 1647 1092 honoratum
1665 1021 1804 1107 Deum,
1899 1032 1907 1045 ‘

86 1123 183 1192 Unde
199 1145 219 1190 a
235 1124 388 1214 posteris
401 1125 588 1199 vocabitur
1069 1125 1119 1198 50
1144 1128 1316 1220 Deposita
1328 1125 1449 1225 priore
1464 1125 1664 1210 simultate,
1690 1125 1818 1194 affari?
1849 1125 1854 1136 ’

87 1225 257 1296 Durateus
273 1227 404 1322 cqnn's,
429 1229 615 1300 continens
629 1231 822 1305 occultatas
844 1229 1015 1331 bastss2).
1118 1235 1217 1321 Nept.
1243 1229 1361 1311 Licet;
1389 1221 1655 1319 „cognatorum
1671 1229 1768 1298 enim
1783 1251 1989 1321 congressus

47 1321 87 1395 15
110 1327 193 1398 Luci
209 1329 356 1413 deserti,
382 1339 418 1400 et
431 1328 594 1401 Deorum
609 1334 743 1424 templa
1118 1333 1232 1416 „Non
1246 1333 1412 1424 exiguum
1427 1328 1604 1423 philtrum·
1615 1343 1699 1402 sunt
1715 1331 1933 1405 animorum.

86 1431 212 1500 Fluunt
229 1433 357 1516 caede,
382 1444 418 1500 et
432 1433 478 1501 ad
494 1435 625 1524 gradus
640 1436 865 1508 fundamenti
1119 1439 1213 1508 Min.
1239 1434 1366 1506 Laudo
1382 1434 1454 1504 iras
1468 1433 1677 1526 placabilem
1703 1434 1815 1505 affero
1833 1436 1900 1506 tibi

87 1532 172 1602 lovis
187 1531 333 1618 Hercei,
357 1533 483 1603 cecidit
496 1531 665 1608 Priamus
678 1529 847 1612 moriens'.
910 1537 913 1544 ’
1120 1537 1338 1608 Communes
1352 1559 1533 1610 sermones
1547 1536 1586 1605 in
1600 1537 1770 1609 medium.

85 1633 231 1704 Multum
249 1635 329 1706 anri
345 1649 381 1706 et
396 1632 551 1731 Phrygia
567 1643 701 1731 praeda
1069 1635 1119 1712 56
1143 1645 1243 1731 Napi.
1269 1637 1365 1712 Num
1380 1639 1485 1710 affers
1497 1639 1599 1708 illum
1616 1662 1818 1710 sermonem
1836 1664 1856 1709 a
1873 1639 1970 1726 Diis,

84 1736 234 1806 Mittitur
250 1740 296 1808 ad
312 1761 439 1820 naves;
463 1753 652 1832 expectant
1120 1742 1187 1812 Vel
1200 1767 1219 1812 a
1234 1739 1340 1827 Iove,
1367 1743 1424 1812 vel
1442 1742 1487 1812 ab
1505 1741 1582 1810 alio·
1593 1739 1779 1812 Deorum?

46 1841 86 1910 to
105 1839 257 1910 Ventum
272 1863 295 1910 a
310 1865 449 1934 puppe,
475 1855 516 1912 ut
529 1856 611 1934 post
625 1843 837 1918 decennium
1119 1834 1213 1918 Mei».
1239 1845 1343 1930 Non,
1368 1847 1429 1916 sed
1446 1847 1491 1915 de
1500 1841 1633 1926 Troia,
1656 1843 1718 1914 uhi
1732 1843 1828 1913 nunc
1843 1845 2037 1935 gradimur.

87 1941 233 2014 Videant
246 1943 332 2013 laeti
347 1945 516 2036 coniuges
531 1959 568 2016 et
580 1947 712 2020 liheros
1120 1947 1212 2016 Veni
1239 1951 1286 2018 ad
1311 1961 1411 2020 tuam
1444 1945 1663 2039 potentiam,
1703 1959 1745 2016 nt
1774 1942 1863 2016 mihi
1892 1971 1971 2022 eam
1998 1952 2060 2020 ad-

87 2045 225 2129 Graeci,
268 2047 331 2139 qui
361 2050 530 2118 adversus
559 2043 654 2120 hanc
684 2051 809 2121 urbem
835 2049 1018 2120 duremur
1480 2049 1639 2139 iungam.

356 2211 363 2226 ,
440 2151 645 2223 exercitum.
1118 2156 1219 2241 Nept.
1243 2154 1320 2238 An,
1345 2167 1408 2224 tua
1422 2151 1543 2245 priore
1557 2151 1611 2222 ira
1627 2151 1807 2241 deposita,

87 2245 156 2338 Ego
175 2263 316 2333 autem,
342 2251 406 2344 qui
418 2253 544 2322 vinmr
558 2253 602 2323 ah
617 2253 748 2348 Argiva
765 2253 841 2324 Dea
1070 2253 1121 2324 60
1146 2253 1286 2326 Venisti
1301 2259 1347 2326 ad
1363 2255 1650 2336 miserationem,
1675 2266 1866 2346 postquam
1890 2252 1963 2323 iam
1987 2253 2062 2347 igni

87 2347 213 2420 lunone
228 2365 267 2422 et
280 2352 462 2439 Minerva,
487 2379 580 2448 quae
597 2372 802 2430 everterunt
812 2352 995 2448 Phrygas,
1480 2357 1664 2426 combusta
1682 2353 1758 2424 est?
1900 2405 1902 2410 -

49 2447 88 2524 25
109 2451 285 2549 Relinquo
300 2453 404 2525 llium
422 2469 458 2526 et
470 2481 568 2530 meas
585 2483 677 2533 aras.
1122 2461 1217 2530 Min.
1251 2457 1344 2529 Redi
1363 2454 1434 2529 huc
1454 2459 1575 2550 prius,
1617 2453 1898 2527 communicabis
1913 2481 2059 2532 ,mecum

90 2555 269 2650 „Quando
284 2559 381 2626 enim
399 2561 485 2630 urbs
499 2562 538 2628 ht
557 2561 715 2644 deserta,
1481 2572 1682 2643 sermones,

90 2657 215 2740 „Tunc
247 2661 419 2752 languent
450 2685 508 2732 res
539 2661 702 2747 divinae,
741 2687 805 2732 nec
838 2659 1019 2732 honoran-
1121 2665 1170 2736 Et
1186 2663 1450 2744 adiuvabisea,
1477 2686 1568 2757 quae
1585 2645 1830 2732 sumlecthra.

443 2775 503 2835 tur
519 2763 632 2863 Dii⁸).
1124 2773 1225 2858 Nept.
1253 2765 1428 2848 Maxime;
1452 2778 1575 2836 tamen
1594 2766 1678 2833 volo
1700 2764 1790 2834 scire
1812 2773 1911 2831 tuam
1938 2765 2065 2838 volun-

89 2861 213 2955 Magno
229 2865 366 2936 eiulatu
381 2868 604 2958 captivarum
613 2866 646 2964 ⁴)
1479 2880 1610 2950 tatem,

90 2963 192 3037 Sonat
220 2968 459 3055 Scamander,
501 2994 593 3064 quae
622 2972 693 3040 iam
724 2970 925 3042 sortiuntur
957 2972 1022 3039 do·
1122 2969 1180 3040 An
1200 2969 1422 3041 Graecorum
1446 2971 1544 3066 vel⁷)
1569 2965 1813 3038 Troianorum
1845 2990 1948 3038 causa
1972 2989 2068 3039 nunc

441 3096 579 3144 minos:
1493 3095 1646 3142 veneris.
1694 3099 1697 3106 ¹

53 3165 92 3237 to
112 3167 203 3245 Alias
216 3173 395 3256 Arcades,
421 3173 509 3246 alias
526 3171 688 3246 Thessali
1076 3172 1125 3250 65
1152 3179 1245 3250 Mirr.
1279 3175 1371 3246 Volo
1405 3171 1604 3245 exhilarare
1631 3168 1833 3254 Troianos,
1874 3173 1938 3266 qui
1968 3173 2068 3264 prius

91 3271 310 3360 sortiuntur,
336 3273 425 3348 alias
440 3280 547 3348 duces
562 3274 848 3349 Atheniensium.
1483 3277 1628 3347 fuerunt
1646 3269 1766 3342 hostes
1782 3271 1873 3357 mei,

92 3373 327 3474 Quaecunque
343 3401 430 3449 vero
445 3393 531 3452 sunt
545 3394 643 3451 extra
659 3393 794 3452 sortem
814 3381 1002 3460 subtecto,
1126 3381 1171 3450 Et
1202 3377 1372 3450 exercitui
1400 3378 1622 3448 Graecorum
1653 3375 1811 3446 tribuere
1842 3374 1979 3446 tristem
2014 3400 2070 3446 re-

91 3472 171 3550 letae
185 3485 317 3552 electae
331 3483 451 3578 sunt⁵)
474 3484 694 3576 principibus
1491 3483 1618 3553 ditum.

93 3575 282 3657 Exercitus:
311 3609 392 3654 cum
410 3585 496 3677 ipsis
512 3600 564 3657 est
723 3664 728 3674 ,
1126 3591 1226 3674 Nepr.
1253 3583 1351 3678 Quid
1365 3581 1414 3653 ita
1431 3581 1709 3656 transsilisalias
1725 3583 1771 3650 ad
1787 3579 1877 3651 alios
1891 3580 2036 3652 mores?

30 3677 93 3788 ‚³5
113 3682 262 3773 Helena,
289 3689 442 3758 adducta
456 3689 595 3781 captiva
613 3689 716 3760 iuste.
1127 3687 1246 3758 Odisti
1253 3683 1301 3782 ⁷⁸)
1318 3698 1353 3756 et
1367 3710 1466 3758 amas
1481 3683 1713 3758 vehementer
1730 3681 1884 3754 nimium
1900 3681 2071 3776 quosvis?

92 3783 125 3854 Si
138 3789 214 3882 quis
231 3789 342 3862 etiam
357 3785 451 3860 hanc
466 3792 633 3862 miseram
649 3786 782 3860 intueri
800 3791 894 3872 vult,
1128 3794 1222 3864 Min.
1248 3787 1332 3862 Non
1348 3787 1415 3861 scis
1429 3813 1487 3860 me
1510 3787 1726 3861 contumelia
1750 3784 1915 3854 affectam
1937 3807 2011 3855 csse
2036 3799 2072 3856 et

93 3887 194 3963 Adest
207 3893 375 3977 Hecuba,
400 3893 519 3964 iacens
534 3905 617 3962 ante
632 3905 775 3984 portas,
1485 3915 1607 3961 meum
1624 3885 1823 3981 templum?

94 3989 239 4066 Multum
256 3991 486 4089 lachrymans
500 4009 536 4066 et
550 4019 616 4088 pro
631 3993 764 4064 multis.
1079 3995 1128 4066 70
1154 3999 1254 4082 Nepa.
1281 3990 1375 4074 Scio,
1390 3993 1537 4086 quando
1546 3993 1638 4063 Aiax
1651 3993 1761 4061 traxit
1770 3987 2007 4060 Cassandram
2024 3990 2071 4062 vi.

95 4091 195 4170 Cuius
207 4100 281 4169 filia
299 4101 345 4170 ad
360 4095 587 4190 sepulchrum
605 4094 754 4168 Achillis
1127 4100 1222 4170 Min.
1248 4091 1297 4164 Et
1313 4089 1404 4164 nihil
1416 4117 1484 4187 pro
1499 4091 1568 4164 hac
1584 4121 1623 4166 re
1636 4119 1761 4187 passus
1776 4103 1844 4175 est,
1877 4115 1994 4184 neque
2007 4116 2070 4163 au-

54 4189 94 4266 40
115 4197 241 4272 Misera
254 4203 437 4297 Polyxena
455 4202 595 4271 fortiter
609 4211 750 4270 mortua
769 4209 832 4268 est.
1485 4197 1577 4268 divit
1599 4197 1790 4270 aGraecis.

92 4299 198 4373 Periit
210 4319 246 4376 et
255 4305 423 4378 Priamus
438 4317 474 4374 et
486 4305 607 4384 libcri;
633 4315 668 4373 et
686 4325 794 4397 quam
811 4293 1024 4391 virgincmi)
1127 4309 1227 4392 Nepet.
1252 4298 1364 4396 Atqui
1378 4299 1589 4372 deleverunt
1604 4299 1711 4374 Ilium
1728 4313 1763 4371 tc
1778 4297 1983 4370 adiuvante.

93 4401 232 4478 Dimisit
246 4407 441 4500 fugientem
459 4407 695 4480 Cassandram
712 4403 863 4496 Apollo,
1128 4408 1222 4478 Min.
1250 4403 1344 4496 Quia
1360 4414 1444 4474 sunt
1457 4403 1612 4496 ingrati,
1637 4407 1721 4476 volo
1740 4429 1801 4475 eos
1822 4413 1856 4470 te
1878 4399 2069 4473 adiuvante

95 4502 178 4580 Earn
195 4535 257 4581 rex
273 4509 460 4602 (omittens
473 4509 644 4602 pietatem
661 4507 746 4604 Dei)
1355 4526 1358 4534 ’
1488 4508 1629 4600 punire.

58 4639 245 4769 ἦ*
478 4712 484 4726 ·
520 4713 527 4726 .
1012 4726 1026 4738 -
1130 4615 1231 4700 Nept.
1258 4609 1361 4703 Quae
1383 4611 1455 4696 vis,
1487 4609 1555 4731 tihi
1577 4620 1702 4703 parata
1725 4620 1848 4679 sunta
1872 4627 1947 4684 me;
1982 4607 2069 4698 quid
2099 4697 2104 4708 Ι
2151 4623 2154 4632 ·

149 4715 260 4763 croceus
278 4739 312 4752 -
329 4715 440 4773 hastas]
458 4714 501 4764 lus
517 4725 546 4764 m
563 4723 651 4775 nug.
665 4707 749 4762 eutr.
770 4705 862 4772 1555,
883 4702 957 4754 1551.
976 4699 1010 4749 sd
1051 4748 1054 4767 Ι
1486 4711 1620 4785 pacm?

94 4783 367 4916 ,llliliusustqshhin
384 4781 544 4846 “mmm
577 4783 645 4830 Nm
669 4781 743 4840 ‹tory
766 4777 847 4828 hm
871 4775 931 4824 Μ
965 4769 1027 4820 turne
1080 4809 1130 4884 76
1152 4817 1247 4888 Mitt.
1274 4813 1446 4884 Miserum
1460 4814 1615 4884 reditum
1631 4811 1703 4882 illis
1718 4807 1870 4878 obiicere
1885 4806 1983 4878 -volo¹

83 4921 111 4984 ⁸)
126 4929 157 4983 11.
173 4933 192 4986 l.
209 4935 239 4986 tn
256 4935 319 4988 ttsd.
337 4935 422 4988 natta
439 4939 506 4986 nota
523 4945 624 4999 scarp:
645 4930 754 4998 autea
771 4935 802 4980 ut
817 4929 975 4980 evanescat.
1128 4921 1229 5006 Νρμ,
1256 4913 1296 4984 ln
1313 4928 1408 4986 ten-a
1423 4915 1671 4997 manentibus,
1697 4935 1745 4980 an
1758 4909 1798 4980 in
1815 4907 1934 4979 mari?

83 5007 306 5132 tlffipttvarun]
324 5019 365 5072 slo
383 5019 430 5088 (τ.
445 5021 538 5102 Eortp.
557 5013 780 5085 αἰχμαλωτίδων)
799 5014 884 5066 atter.
907 5011 1028 5074 recent.;
1131 5021 1224 5090 Mn·
1252 5019 1406 5112 Quando
1422 5017 1823 5110 navigabumdomum’

153 5089 194 5136 ot.
208 5091 300 5156 1555,
326 5091 400 5142 1551.
419 5092 597 5154 captivorum.

85 5161 112 5228 ι)
128 5169 229 5225 electae
245 5179 324 5238 sunt]
342 5177 383 5227 sio
400 5177 449 5229 lto.
467 5173 541 5228 1552.
551 5189 561 5239 ;
586 5173 634 5223 Ed.
651 5172 727 5224 1558.
745 5172 811 5220 snut
829 5167 944 5218 electae.
1129 5116 1265 5212 Iupiter
1279 5120 1438 5214 pluviam
1457 5133 1494 5191 el
1506 5118 1689 5214 copimam
1705 5114 1916 5209 grandinem

84 5247 113 5308 ε1
132 5255 276 5323 vostram]
295 5263 356 5314 huto
372 5263 435 5312 voct
455 5261 482 5312 in
500 5241 776 5324 ωανς.ἴ15111.1555.,
796 5253 871 5305 15611.
889 5249 1030 5334 adscripta
1088 5273 1293 5286 ——---

116 5325 156 5372 eat
173 5332 328 5394 annotatio:
361 5331 418 5397 „ln
436 5341 537 5396 graeco
554 5329 651 5394 sorios¹
663 5321 821 5392 παρθένον,
855 5333 910 5372 nuo
928 5335 1029 5386 uapor·
1320 5339 1323 5348 ·

116 5391 194 5443 “M''
229 5397 304 5452 llaec
321 5401 431 5464 spectat
448 5399 484 5449 sd
500 5399 550 5448 Ed.
567 5397 651 5448 Basti·
672 5396 763 5460 1551,
789 5403 858 5458 quae
875 5391 955 5442 hahet
972 5385 1028 5440 nd·
1114 5367 1145 5436 7)
1165 5369 1226 5430 v0¹]
1244 5369 1295 5422 Μ
1314 5365 1390 5419 15ὗᾶ
1407 5378 1452 5418 ¹0·

117 5461 221 5524 1115911.
247 5465 333 5520 hetta
352 5468 455 5520 recent
473 5463 618 5532 παρθένον
633 5463 805 5526 receperant.
826 5524 830 5532 ἱ
1053 5456 1057 5504 1
1115 5451 1169 5518 ⁷⁸)
1188 5449 1456 5590 0111511]11οὲ11111·
1476 5451 1598 5514 recente
1620 5449 1706 5504 11111.
1722 5449 1813 5514 1555,
1832 5443 1908 5498 tw.
1928 5441 2003 5496 Odia.
