4600 5804
256 177 331 250 ors
707 114 712 123 ¹
841 171 962 246 suu..
992 111 1110 247 usu.
1139 175 1341 248 semera
1373 171 1706 248 ruuosooma

311 345 430 418 Unum
445 346 585 437 signum
601 342 785 427 omnium,
808 343 903 414 idem
927 347 1107 420 convenit.
1349 347 1383 416 Ο
1400 347 1523 418 infelix
1539 361 1686 440 propter
1699 347 1844 437 longam
1861 347 1967 417 vitam
1986 362 2088 433 tuam,
2188 391 2190 397 ·

309 451 468 519 Mactare
485 450 609 522 iubent
622 471 679 516 me
695 447 870 540 virginem
887 451 1058 540 puellam,
1176 505 1188 516 .
1348 449 1460 521 Miser
1474 463 1509 520 et
1525 474 1608 541 ego,
1634 450 1696 544 qui
1712 451 1840 518 frustra
1857 451 1965 519 multa
1983 451 2142 521 laborari:

260 551 337 624 410
358 553 460 644 Quae
476 553 620 622 situata
640 549 753 620 nobili
771 563 886 641 patre.
1039 629 1042 641 ¹
1299 549 1375 625 450
1400 552 1572 646 Oportuit
1588 553 1819 622 nosomnino
1837 551 1874 620 in
1891 577 2012 622 manus
2026 553 2186 648 Eurysthei

309 654 387 748 Ego
403 651 517 725 habeo
533 653 868 747 promptitudinem,
880 664 921 724 ut
935 652 1054 740 vides,
1066 680 1148 750 erga
1166 681 1247 739 vos;
1350 653 1546 748 Delapsos,
1570 655 1723 746 turpiter
1738 667 1772 723 et
1788 655 1916 724 misere
1930 656 2082 726 amittere
2095 658 2192 730 vitam.

311 757 379 827 Sed
395 781 471 826 non
490 755 699 827 interficiam
717 777 834 824 meam
854 754 979 840 filiam,
1350 759 1418 828 Sed
1448 759 1534 839 scis,
1583 759 1619 825 iu
1653 782 1725 850 quo
1755 781 1812 826 me
1842 757 1953 848 possis
1981 757 2115 828 iuvare?
2170 761 2226 832 Non

313 861 439 955 Neque
456 881 674 955 quemquam
693 879 857 926 meorum
873 857 1005 929 civium
1023 884 1148 952 cogam
1712 857 1862 927 omnino

313 963 515 1034 Nolentem.
567 958 688 1053 „Quis
704 961 754 1030 sic
772 959 924 1052 desipiat
940 961 1076 1048 volens,
1351 960 1493 1030 Excidit
1505 957 1594 1030 mihi
1612 986 1692 1054 spes
1706 957 1835 1031 horum
1855 961 1986 1033 salutis.

264 1061 338 1136 415
374 1063 480 1156 „Qui
512 1062 598 1132 velit
631 1064 717 1132 dare
751 1086 793 1131 ex
824 1063 991 1135 manibus
1022 1065 1248 1140 charissimos
1350 1063 1410 1134 Me
1425 1065 1547 1134 dedito
1565 1064 1707 1154 Argivis
1726 1089 1791 1156 pro
1810 1063 1884 1134 istis
1898 1063 2031 1154 pueris,
2054 1089 2148 1146 orer,

674 1163 790 1234 filios?
1272 1121 1275 1216 l
1300 1160 1375 1236 455
1412 1165 1458 1236 Et
1482 1191 1557 1236 non
1578 1171 1706 1238 subeas
1727 1179 1768 1236 tu
1789 1167 2005 1256 periculum,
2037 1181 2071 1235 et
2087 1177 2228 1238 serventur

315 1267 363 1337 Et
393 1291 489 1338 nune
511 1291 589 1337 cum
613 1265 656 1338 sit
681 1271 905 1352 resacerba,
937 1269 1074 1341 videbis
1099 1295 1248 1362 magnos
1711 1269 1825 1360 pueri.

669 1393 874 1454 concursus,
1351 1369 1434 1440 Nou
1452 1372 1565 1442 debeo
1582 1395 1703 1440 amare
1720 1395 1836 1441 meam
1854 1372 1985 1456 vitam,
2007 1385 2125 1464 pereat.

223 1555 228 1564 ἡ
313 1472 403 1544 Aliis
418 1471 635 1557 dicentibus,
658 1473 756 1566 quod
770 1471 900 1543 iustum
916 1470 962 1543 sit
978 1467 1177 1564 hospitibus
1349 1469 1571 1566 Eurystheus
1588 1473 1741 1544 maxime
1756 1499 1813 1544 me
1828 1475 1983 1566 appetit,
2001 1490 2038 1544 ut
2051 1474 2196 1566 accipiens

315 1574 547 1667 Supplicibus’
556 1599 661 1667 opem
676 1575 789 1657 ferre,
814 1575 893 1644 aliis
908 1597 1025 1643 meam
1042 1577 1228 1647 stultitiam
1350 1573 1432 1658 Me,
1453 1574 1614 1647 Herculis
1630 1577 1786 1660 socium,
1808 1578 2020 1647 contumelia
2037 1577 2158 1646 afficiat.

267 1671 340 1750 420
361 1679 630 1750 Acmrsautibus.
682 1676 721 1747 si
735 1669 804 1744 hoc
819 1700 894 1744 non
912 1677 1064 1762 faciam,
1080 1674 1100 1715 ⁸
1115 1680 1247 1750 bellum
1350 1675 1415 1746 Est
1429 1677 1524 1747 enim
1540 1702 1672 1770 pravus
1687 1679 1754 1749 vir.
1794 1679 2040 1771 „sapientibus
2054 1679 2183 1772 optabile
2196 1689 2229 1748 est

675 1778 907 1849 domesticum
926 1793 1086 1871 paratur.
1300 1775 1376 1849 460
1401 1779 1565 1863 „Habere
1581 1781 1766 1851 inimicum
1784 1782 1993 1873 sapientem,
2011 1807 2079 1852 uon
2093 1781 2228 1850 irritatum

318 1879 414 1949 Haec
431 1893 470 1950 tu
483 1881 624 1964 videas,
644 1892 679 1949 et
693 1880 799 1950 simul
814 1881 1018 1965 considera,
1045 1885 1229 1977 quomodo
1711 1883 1787 1954 siue
1801 1907 1919 1956 carisa.

316 1980 386 2072 lpsi
402 1981 612 2066 servemini,
635 1995 670 2051 et
687 1981 754 2052 ista
770 1983 907 2068 civitas,
1352 1983 1524 2078 „Aliquis
1545 1998 1663 2076 potest
1684 1987 1852 2078 consequi
1870 2011 2036 2079 magnum
2051 1989 2193 2079 pudorem
2208 1995 2229 2049 et

317 2085 363 2153 Et
378 2107 423 2154 ne
438 2109 494 2153 me
510 2083 773 2156 calumnientur
787 2085 892 2157 cives.
1707 2088 1901 2160 fortunam.

317 2185 400 2256 Nou
431 2183 547 2258 habeo
582 2186 832 2280 tyrannidem,
879 2188 994 2282 qualis
1029 2201 1082 2260 est
1122 2192 1249 2261 barba·
1353 2188 1450 2258 (ibor.
1475 2185 1649 2271 Osenex,
1675 2213 1719 2258 ne
1732 2191 1842 2262 facias
1859 2216 1960 2261 ream
1975 2189 2061 2262 hanc
2075 2191 2186 2260 urbem.

675 2313 820 2369 rorum;
1351 2285 1516 2360 Fortasse
1530 2291 1634 2361 nobis
1648 2294 1849 2383 prodesset;
1872 2298 1934 2364 sed
1954 2309 2068 2364 tamen
2083 2307 2168 2383 turpe

267 2387 341 2465 425
363 2390 460 2474 „sed
475 2391 505 2462 si
521 2391 613 2462 iusta
630 2391 742 2475 facio,
765 2393 856 2462 iusta
874 2393 1004 2484 patior.
1352 2389 1598 2482 Opprobrium
1616 2393 1735 2479 fuerit,
1752 2399 1850 2490 quod
1865 2398 2078 2470 dedissemus
2089 2391 2228 2486 supplices·

319 2495 415 2564 lilios.
438 2492 604 2564 Proiecto
627 2507 832 2586 promptam
853 2496 1058 2568 existentem
1077 2523 1150 2567 non
1166 2500 1251 2569 sinit
1301 2488 1376 2563 465
1402 2499 1501 2564 Dem.
1525 2495 1656 2566 Dixisti
1669 2496 1736 2568 ista
1753 2499 1915 2585 fortiter,
1940 2502 1999 2571 sed
2016 2499 2120 2569 irrita.

676 2595 774 2668 Deus
1351 2595 1435 2664 Non
1451 2613 1600 2691 propter
1616 2612 1650 2668 te
1667 2624 1728 2669 rex
1744 2596 1813 2672 huc
1827 2603 1928 2672 ducit
1942 2602 2130 2673 exercitum.

316 2697 524 2790 Hospitibus
543 2722 647 2790 opem
665 2699 831 2796 terren),
855 2701 1019 2794 quamvis
1036 2703 1248 2794 cupientem.
1352 2697 1449 2790 Quid
1466 2699 1562 2768 enim
1575 2699 1796 2794 Eurystheus
1814 2718 2022 2777 consecutus
2037 2716 2100 2784 eol,
2116 2715 2142 2768 te
2154 2721 2212 2766 1111

316 2801 379 2870 Iol.
400 2799 531 2883 Ofilii,
552 2801 684 2872 similes
699 2826 821 2872 sumus
832 2803 1101 2892 navigantibus,
1124 2807 1199 2900 qui,
1350 2799 1541 2870 Extincto?
1565 2807 1626 2874 sed
1645 2806 1730 2874 istos
1749 2806 1825 2875 vult
1841 2807 2050 2878 interficere.
2078 2887 2094 2898 μ

317 2899 407 2972 Cum
427 2903 627 2993 effugerunt
642 2904 825 2974 saevitiam
843 2907 1073 2996 tempestatis,
1352 2902 1552 2986 „Hostibus
1583 2905 1678 2974 enim
1703 2920 1755 2976 est
1782 2931 1839 2978 res
1870 2913 2066 3000 periculosa
2093 2910 2227 2974 nascentes

267 3003 342 3076 tao
375 3003 422 3074 Et
451 3007 667 3097 appulerunt
690 3008 735 3076 ad
757 3019 889 3076 terram
913 3032 1045 3100 prope,
1075 3007 1202 3076 deinde
1228 3031 1247 3074 a
1712 3011 1851 3081 nobiles

678 3107 799 3179 littore
1300 3101 1376 3174 470
1402 3159 1424 3190 ,‚
1432 3101 1598 3193 Iuvenes,
1622 3109 1685 3205 qui
1700 3114 1934 3184 meminerint
1949 3111 2058 3203 patris
2073 3105 2199 3178 iniurias.

314 3209 419 3280 Flatu
432 3211 554 3281 reiecti
570 3223 654 3282 sunt
668 3235 789 3283 rursus
808 3211 842 3279 in
860 3236 977 3282 mare:
1351 3207 1453 3300 Quae
1469 3223 1747 3284 consentaneum
1761 3229 1813 3286 est
1827 3211 2227 3308 omniapraecousidcrare·

258 3359 263 3366 -
318 3312 375 3382 Sic
389 3326 423 3381 et
442 3337 509 3384 nos
523 3315 735 3406 depellimus
750 3340 792 3382 ex
806 3310 873 3382 hac
888 3327 995 3398 terra,
1351 3311 1419 3379 Sed
1435 3312 1465 3382 si
1479 3315 1576 3384 aliud
1593 3317 1830 3406 opportunius
1845 3319 1913 3390 scis
1932 3317 2120 3398 consilium,

207 3477 211 3490 ,
317 3411 391 3481 lam
408 3415 595 3484 existentes
609 3417 653 3484 ad
669 3417 784 3496 littus,
806 3429 977 3508 tanquam
996 3413 1095 3484 salvi.
1349 3413 1515 3503 Appara‚
1540 3416 1623 3508 quia
1643 3441 1707 3508 ego
1723 3419 1878 3490 incertus
1893 3447 1973 3492 sum
1991 3417 2105 3500 animi,

317 3509 438 3598 Eheu,
461 3539 570 3608 quare
586 3540 643 3585 me
666 3516 715 3584 ita
732 3517 933 3600 delectasti,
958 3543 979 3584 0
994 3517 1120 3588 misera
1349 3511 1491 3586 Auditis
1506 3518 1678 3603 oraculis,
1699 3531 1735 3589 et
1750 3523 1876 3612 plenus
1894 3537 2005 3596 metu.
2222 3601 2227 3617 ¹
2266 3599 2267 3602 ,

266 3612 341 3688 435
363 3615 468 3707 Spes,
488 3641 567 3686 cum
585 3640 659 3687 non
677 3641 770 3690 esses
785 3619 982 3710 perfectura
1000 3617 1176 3710 gratiam?
1299 3609 1374 3685 476
1414 3619 1588 3692 Macaria.
1623 3619 1810 3714 Hospites,
1847 3649 1923 3696 non
1955 3622 2093 3696 tribuite
2106 3616 2146 3710 ⁸¹)
2168 3601 2227 3680 111111

316 3717 429 3788 Venia
446 3721 590 3814 quidem
608 3722 758 3792 debetur
782 3720 840 3792 isti
856 3733 1003 3812 propter
1019 3717 1105 3804 hoc,
1126 3721 1246 3792 sinon
1579 3725 1766 3796 audaciam
1783 3751 1903 3798 meum
1919 3740 2064 3822 propter
2079 3730 2227 3812 egressuui

674 3822 752 3892 vult
1348 3819 1513 3892 Primum
1528 3823 1623 3894 enim
1638 3821 1707 3896 hoc
1722 3825 1907 3922 deprecor.
2266 3909 2267 3918 ἢ

316 3921 488 3995 Occidere
504 3923 634 3997 civium
651 3927 759 4007 filiam
782 3939 969 3998 contentos
983 3953 1061 3998 sum
1349 3921 1740 4015 ,,Μ11111111111111111111,
1762 3943 1799 4001 et
1813 3957 1887 4004 esse
1902 3934 2104 4008 modestam,
2266 3919 2267 3990 l

317 4025 394 4097 Hoc
409 4028 536 4112 etiam,
559 4029 588 4099 si
606 4029 751 4124 quidem
767 4030 816 4098 ita
834 4028 912 4100 Diis
928 4032 1069 4099 videtur
1086 4024 1173 4098 haec
1350 4024 1574 4106 „Etmanere
1590 4033 1819 4126 tranquillam
1835 4035 1871 4105 in
1889 4037 2012 4118 domo,
2028 4021 2228 4123 optimumst·

317 4128 398 4198 Pati
414 4154 489 4210 me;
509 4153 627 4225 neque
642 4132 707 4202 tibi
725 4131 819 4222 perit
831 4130 957 4220 gratia.
1349 4125 1468 4198 Tuam
1484 4154 1570 4200 vero
1584 4135 1751 4220 audiens,
1776 4161 1798 4206 o
1810 4133 1925 4221 lolae,
1950 4127 2208 4230 deplorationem.

268 4228 343 4302 440
366 4231 400 4300 0
414 4231 496 4315 filii,
514 4255 589 4303 nou
604 4233 697 4318 scio,
720 4233 805 4326 quid
821 4237 864 4302 de
881 4233 983 4305 vobis
997 4245 1163 4304 statuam.
1298 4223 1374 4298 480
1393 4227 1542 4322 Egressa
1567 4258 1666 4320 sum,
1690 4261 1772 4307 cum
1795 4264 1870 4310 non
1892 4240 1959 4310 sim
1984 4236 2132 4309 ordinata
2153 4223 2229 4290 inter·

318 4331 401 4425 Quo
414 4334 621 4406 vertamur?
641 4339 721 4430 quis
734 4334 831 4407 Deus
847 4359 921 4404 non
938 4348 991 4407 est
1005 4335 1221 4406 coronatus?
1313 4407 1315 4410 ,
1517 4385 1526 4399 ·
1704 4343 1829 4412 cedere
1843 4367 1911 4436 pro
1932 4356 2053 4414 nostro
2065 4349 2181 4430 genere·

317 4435 373 4506 Ad
389 4459 497 4528 quam
515 4461 613 4508 aram
632 4462 707 4508 non
726 4437 966 4508 accurrimus?
979 4441 1024 4506 ad
1040 4461 1131 4532 quae
1147 4463 1243 4509 moe·
1349 4430 1418 4501 Sed
1442 4445 1561 4506 11111111
1585 4439 1690 4510 1111111
1714 4457 1937 4535 0110111111,
1959 4444 2040 4541 111111
2054 4433 2132 4509 mihi
2152 4426 2227 4497 ‘5³¹⁰

679 4539 737 4608 nia
753 4553 870 4610 terrae
885 4564 959 4608 non
975 4539 1158 4612 venimus?
1449 4571 1462 4578 ‘
1707 4569 1812 4616 curae
1829 4562 1913 4618 sunt

316 4640 501 4727 Petimus,
524 4640 646 4726 olilii,
667 4641 739 4737 iam
756 4644 940 4713 dedemur.
1346 4634 1507 4726 Fratres,
1531 4652 1566 4711 et
1584 4645 1628 4712 de
1643 4667 1701 4714 me
1716 4671 1862 4745 quoque
1875 4675 1953 4722 sum
1969 4643 2121 4720 sollicita.

315 4743 371 4814 De
386 4769 444 4815 me
457 4741 550 4816 nihil
564 4768 669 4829 curo,
691 4744 722 4816 si
734 4771 792 4818 me
808 4757 951 4836 oportet
965 4744 1072 4830 mori,
1347 4735 1440 4809 Volo
1461 4743 1605 4829 audire,
1626 4771 1713 4816 1111111
1730 4753 1775 4821 ad
1793 4765 1911 4824 velera
1929 4751 2021 4820 1118111

265 4842 341 4920 446
364 4845 440 4922 Nisi
456 4850 554 4944 quod
568 4861 646 4918 me'a
663 4871 762 4919 mors
776 4859 830 4919 est
842 4847 1017 4941 voluptati
1034 4844 1205 4920 hostibus.
1345 4841 1543 4915 Accerserit
1563 4848 1662 4918 aliud
1684 4853 1841 4939 malum,
1870 4858 1966 4950 quod
1989 4849 2137 4920 mordeat
2156 4851 2225 4903 1111111

315 4947 388 5024 Vos
404 4953 573 5044 deploro,
595 4963 631 5020 et
643 4949 789 5022 miseret
804 4974 861 5020 me
876 4949 997 5035 vestri,
1707 4957 1879 5028 animum.

318 5050 365 5123 Et
379 5054 522 5125 miseret
537 5077 596 5124 me
610 5077 699 5124 anus
714 5052 817 5122 aviae
828 5051 1033 5124 Alcmenae.

1297 5153 1506 5170 ——Q
1538 5164 1542 5176 ,

298 5325 347 5384 at)
371 5335 448 5386 opem
479 5315 567 5386 terre]
600 5319 641 5371 slo
669 5317 754 5371 111111.
780 5317 873 5380 1110,
905 5315 995 5380 tm&
1026 5319 1109 5369 ttdltt.
1140 5323 1242 5372 recent
1327 5323 1376 5385 m
1394 5299 1576 5392 tributtslsto
1592 5327 1675 5378 Baro.
1696 5324 1745 5394 (=
1763 5331 1857 5394 turtp.
1876 5323 2030 5398 flpicsprsg
2054 5327 2159 5388 unge,
2173 5309 2222 5362 Fla:

334 5391 381 5456 (=
393 5391 461 5445 text.
475 5387 533 5456 gr.)
552 5399 631 5452 open
650 5388 727 5438 terre
743 5387 813 5438 tsuo
830 5385 979 5440 otvttstsn.
1361 5393 1524 5460 inputrtsls
1541 5395 1624 5446 cutte
1643 5397 1736 5462 tm,
1756 5399 1831 5452 1111,
1851 5401 1938 5452 usta:
1956 5395 2054 5450 snmus
