4682 5814
75 229 76 234 ‘
213 161 292 306 aas
780 217 916 294 ama.
948 219 1060 311 asna.
1093 217 1319 294 souma
1327 216 1739 294 amnonius
1900 161 1902 164 ⁵
2118 154 2125 172 ’
2181 219 2263 300 aso
2318 213 2334 278 ι

257 411 380 496 ΑΜ.
408 397 602 494 Quomodo
617 390 759 486 igitur?
793 393 894 487 Quid
914 394 1049 468 facies?
1081 407 1202 467 utrum
1307 391 1408 463 Talis
1423 347 1646 464 Graecorum
1661 392 1790 464 nebula
1805 389 2195 500 -ιίιωιιι1ιι11111ι“),

157 584 159 592 y
624 495 784 587 gladium
801 519 913 567 manu
1307 494 1419 566 Hasta
1435 520 1520 566 sane
1535 492 1636 566 hasta
1653 495 1829 566 excidens.

257 605 445 698 Accipiens
461 625 550 671 anus
565 598 683 668 virum
703 598 897 668 barbarum
916 597 1133 670 interficies?
1252 599 1333 673 910
1361 598 1543 668 Coruum
1559 623 1644 668 vero
1659 600 1785 668 abrasa
1807 621 1844 670 cs

257 712 332 783 Aut
345 705 509 787 venenis,
536 714 600 772 aut
614 725 682 792 ope
699 700 885 795 quanam?
1308 700 1502 787 Turrium,
1529 701 1660 772 circum
1677 724 1763 770 vcro
1778 699 1961 792 fuliginosi

257 813 359 906 Quae
375 809 440 878 tibi
457 805 572 876 aderit
586 802 741 874 manus?
770 806 866 873 unde
881 801 1029 874 habebis
1045 802 1254 875 amicos?·
1304 801 1412 875 Fumi
1430 806 1569 876 macula
1588 803 1789 874 miserrima
1806 801 1993 896 denigrata
2010 825 2061 876 es.

165 979 169 992 ,
206 913 282 988 880
306 916 389 986 Her.
415 911 526 980 Tecta
548 907 727 978 occultant
749 902 838 976 haec
854 904 1099 976 Troianorum
1124 932 1203 978 ιιιιι-
1307 905 1458 978 Misera:
1486 931 1561 978 uon
1577 905 1756 998 amplius
1747 920 1833 978 rute
1849 907 2027 978 incedam.

619 1009 747 1078 licrum
763 1011 920 1080 turbam.

256 1125 379 1212 Apum
406 1113 574 1207 Captivos
591 1111 700 1194 dicis,
724 1111 949 1182 Graecorum
965 1109 1164 1203 praedam?
1544 1069 1834 1178 [mmmm
1860 1075 1918 1178 1⁶]

255 1226 337 1296 Hac.
382 1220 472 1291 Cum
503 1216 573 1286 illis
604 1208 700 1284 hunc
735 1239 858 1284 meum
893 1211 1110 1284 homicidam
1149 1213 1204 1285 ul-
1307 1209 1428 1282 Media
1443 1225 1548 1284 nocte
1564 1213 1678 1305 perii,

618 1315 741 1387 ciscar.
1254 1310 1331 1388 915
1355 1315 1513 1409 Quando
1530 1340 1551 1384 a
1567 1339 1678 1386 coena
1696 1311 2030 1410 somnussuavis⁴¹)

256 1433 379 1519 Apum
408 1419 457 1493 Et
488 1421 672 1517 quomodo
702 1415 950 1488 mulieribus'
938 1443 978 1486 ιιι
1006 1417 1104 1490 viros
1133 1417 1203 1489 erit
1305 1416 1347 1487 ln
1362 1419 1485 1490 oculos
1503 1419 1697 1511 spargitur.

614 1518 752 1591 robur?
1303 1523 1339 1592 A
1353 1535 1460 1607 captu
1476 1545 1563 1592 vcro
1578 1534 1613 1591 et
1627 1520 1739 1592 sacris

256 1635 337 1704 Hac.
362 1628 427 1700 Est
447 1627 619 1723 quiddam
643 1634 770 1715 potens
794 1621 1009 1708 multitudo,
1042 1649 1124 1695 curn
1147 1623 1202 1692 in
1305 1622 1490 1696 Conviviis
1507 1625 1673 1696 desinens

620 1724 791 1819 sidiisque
807 1675 1060 1817 insuperabile.
1305 1725 1485 1800 Maritus
1474 1751 1513 1798 ιιι
1528 1723 1697 1798 thalamis
1713 1727 1862 1812 iaccbat,

206 1832 282 1910 885
307 1838 430 1927 Anam.
455 1831 610 1902 Saevum
627 1828 786 1922 quidem,
808 1829 870 1898 sed
884 1853 970 1898 sane
985 1827 1199 1898 femininum
1254 1827 1331 1904 920
1358 1827 1512 1923 (Hostile
1526 1855 1612 1900 vero
1628 1831 1667 1900 iu
1683 1823 1785 1898 clavo
1801 1831 1886 1926 suo)

621 1926 848 2024 reprebendo
870 1953 993 2022 genus.
1304 1931 1506 2004 Nautarum
1521 1957 1597 2004 non
1613 1932 1768 2025 amplius
1784 1931 1910 2003 videns
1924 1930 2194 2004 multitudinem

255 2043 339 2112 Her.
365 2035 463 2131 Quid
484 2033 594 2104 vero?
631 2032 704 2102 Αιι
714 2057 790 2102 non
820 2033 987 2104 mulieres
1017 2033 1201 2104 interfece-
1303 2035 1377 2107 Per
1391 2035 1542 2108 Troiam
1557 2034 1701 2106 Iliacam
1717 2036 1954 2108 incedentem.

618 2149 704 2208 runt
716 2135 872 2229 Aegypti
888 2135 1007 2208 filios?

254 2243 303 2314 Et
314 2241 492 2312 Lemnum
506 2239 668 2310 funditus
684 2238 771 2308 viris
785 2238 1010 2310 vacuarunt?
1625 2200 1790 2303 [31191111
1814 2199 1874 2302 2·]

255 2347 326 2418 Sed
348 2356 389 2416 ut
411 2343 490 2413 lieri
514 2353 699 2436 oporteat,
731 2337 825 2411 hauc
846 2337 938 2412 mihi
958 2341 1120 2438 relinque
1143 2365 1201 2413 ra·
1303 2337 1381 2434 Ego
1400 2365 1487 2412 vern
1502 2365 1642 2411 comam
1659 2341 1817 2434 religatis

618 2443 775 2526 tionem,
928 2467 932 2476 ·
1305 2443 1425 2516 Mitris
1441 2446 1722 2537 componebam‘

256 2549 360 2619 Mitte
376 2571 462 2618 vero
479 2542 570 2617 mihi
584 2541 679 2617 hanc
693 2558 771 2617 tuto
792 2570 858 2638 per
880 2546 1072 2617 exercitum
1253 2542 1330 2619 925
1354 2549 1559 2618 Aurcorum
1575 2548 1805 2640 speculorum

92 2675 94 2689 ’
204 2653 282 2728 890
307 2651 510 2722 Mulierem.
559 2648 607 2718 Et
620 2661 662 2720 tu
676 2644 835 2720 Tbracio
851 2651 1021 2720 accedens
1040 2645 1176 2742 hospiti
1303 2649 1513 2743 Adspicicns
1529 2653 1705 2722 rotundos
1723 2648 1865 2736 radios,
1919 2702 1924 2710 .

254 2754 340 2825 Dic:
366 2753 483 2848 Yocat
497 2766 533 2824 te
547 2751 669 2846 regina
688 2750 776 2822 olim
792 2775 877 2822 saue
893 2747 968 2836 Ilii,
1303 2751 1459 2825 Adstans
1475 2756 1519 2824 ad
1533 2754 1682 2838 lectum,
1707 2767 1749 2824 ut
1764 2776 1906 2823 ruerem
1922 2749 1962 2820 iu
1980 2763 2115 2823 torum.

254 2855 424 2942 Hecuba,
462 2853 541 2949 (tua
569 2851 658 2924 vero
690 2879 766 2924 non
798 2854 918 2925 minus
952 2879 1062 2949 quarn
1088 2853 1200 2948 ipsius
1303 2857 1376 2926 Per
1391 2881 1476 2926 vero
1495 2857 1669 2928 tumultus
1684 2854 1849 2927 transivit
1864 2856 2011 2940 urbem,

620 2959 745 3054 causa)
1304 2958 1525 3028 vociferatio
1539 2983 1626 3029 vero
1641 2972 1719 3030 erat
1730 2983 1797 3052 per
1813 2958 1939 3029 urbem
1954 2955 2158 3028 Troianam

194 3085 197 3088 ·
253 3061 301 3134 Et
320 3061 432 3147 filios,
473 3061 646 3157 quoniam
677 3071 823 3153 oportet
841 3071 877 3130 et
899 3059 992 3133 filios
1013 3059 1104 3132 scire
1127 3083 1201 3132 ser·
1252 3061 1329 3135 930
1352 3061 1466 3132 llaec:
1494 3060 1606 3133 Ofilii
1622 3063 1867 3147 Graecorum,
1894 3062 2040 3157 quando
2055 3083 2165 3146 saue,

618 3187 745 3234 mones
1304 3162 1819 3260 Quandolliacanaspeculam

254 3267 330 3338 llos
345 3291 388 3338 ex
405 3267 479 3339 illa.
529 3264 668 3338 Recens
685 3291 772 3336 vero
787 3264 995 3336 interfectae
1302 3267 1596 3366 Excideutes⁴²⁸)
1614 3269 1711 3340 ibitis
1727 3269 1767 3338 in
1783 3265 1965 3362 patriam?

202 3365 280 3442 895
303 3369 509 3462 Polyxenae
526 3368 632 3439 differ
646 3371 898 3460 Agamemnon
913 3367 1148 3459 sepulturam,
1985 3442 1988 3452 Δ

253 3470 306 3540 111
320 3470 379 3542 isti
395 3472 467 3540 duo
482 3471 594 3540 frater
613 3481 649 3538 et
660 3493 894 3562 sororprope
908 3495 979 3540 una
995 3469 1151 3541 flamma,
1592 3436 1834 3538 1111111111φο
1857 3433 1917 3538 2⁸]
1933 3527 1940 3543 .

253 3571 401 3666 Duplici
416 3596 502 3644 cura
522 3571 649 3640 matris
667 3571 890 3642 occultentur
904 3584 1013 3642 terra.
1302 3571 1450 3644 Lectum
1469 3571 1617 3647 charum
1637 3603 1708 3648 una
1725 3589 1822 3648 veste
1838 3578 1964 3649 induta

225 3729 228 3736 ι
252 3683 376 3769 aqam
401 3671 520 3745 Erunt
532 3671 623 3744 baec
636 3672 704 3753 sic;
731 3674 862 3744 etenim
878 3673 908 3745 si
926 3685 1018 3745 esset
1031 3671 1200 3743 exercitui
1301 3675 1544 3772 Relinquens‚
1570 3678 1705 3751 Dorica
1721 3691 1761 3751 ut
1776 3679 1916 3772 puella,

253 3778 466 3872 Navigatio,
504 3801 581 3861 nou
603 3775 797 3869 potuissem
821 3772 914 3847 hanc
937 3775 1003 3846 tibi
1027 3776 1199 3870 praebere
1252 3775 1329 3851 955
1355 3779 1609 3851 Venerandam
1625 3784 1795 3854 accedens

618 3879 783 3971 gratiam.
1127 3940 1131 3948 .
1302 3875 1402 3956 Nihil
1419 3883 1519 3954 effeci
1535 3883 1690 3955 Dianam
1705 3885 1840 3955 infelix.
1903 3881 1906 3889 ’

202 3985 279 4059 900
303 3987 408 4060 Nunc
426 4007 533 4068 vero,
560 3983 747 4054 nonenim
765 3984 877 4054 mittit
898 3983 1073 4055 secundos
1094 3979 1200 4050 flatus
1302 3984 1474 4057 Abducor
1491 4011 1575 4057 vero
1592 4003 1776 4058 martirum
1792 3986 1917 4058 videns
1933 3985 2105 4059 maritum

612 4085 732 4170 Deus,
1303 4089 1428 4160 Meum
1443 4091 1623 4160 marinum
1641 4113 1706 4183 per
1721 4091 1888 4182 pelagus

253 4185 404 4257 Manere
420 4211 563 4259 necesse
588 4203 659 4272 cst,
686 4185 953 4276 navigationem
971 4195 1199 4279 expectantes
1301 4192 1511 4286 Urbemque
1529 4191 1739 4285 adspectans
1754 4219 1772 4262 a
1788 4193 1915 4284 longe,
1942 4205 2135 4288 postquam
2175 4193 2177 4196 ’

622 4289 867 4382 tranquillam.
1252 4295 1329 4369 940
1356 4293 1581 4366 Redeuntem
1594 4298 1696 4367 navis
1712 4295 1989 4390 movitpedem,
2209 4305 2215 4313 “

253 4389 360 4461 Fient
373 4401 492 4460 autem
507 4389 668 4462 feliciter.
721 4389 899 4460 Omnibus
914 4387 1011 4498 enim
1027 4401 1080 4460 est
1101 4414 1200 4459 com·
1302 4396 1351 4466 Et
1364 4421 1421 4466 me
1439 4421 1460 4465 a
1477 4409 1595 4468 terrae
1611 4399 1759 4471 abduxit
1774 4399 1904 4471 finibus
1917 4395 2130 4471 iliacae.-

470 4533 475 4542 ·
619 4517 730 4563 mune
744 4488 832 4576 hoc
1303 4499 1458 4584 Misera,
1485 4502 1649 4572 exanima
1665 4501 1806 4572 concrdr
1818 4526 1907 4594 prae
1925 4501 2077 4584 dolore,

252 4593 300 4666 Et
314 4577 543 4688 peculiariter
556 4593 750 4690 unicuique
772 4606 808 4666 et
825 4592 928 4678 urbi,
958 4592 1095 4666 malum
1121 4593 1200 4690 qui-

616 4701 698 4770 dem

253 4745 391 4874 Malum
427 4799 564 4896 aliquid
600 4801 698 4894 pati,
748 4801 886 4872 bonurn
924 4823 1011 4870 vero
1049 4798 1198 4870 feliciter
1286 4817 1336 4888 ιι)
1353 4822 1396 4872 nx
1412 4819 1580 4873 oratoru-
1596 4818 1793 4872 otmnnnut
1809 4815 1861 4886 tn]
1887 4817 1916 4870 tu
1937 4816 2018 4871 ιιι.
2041 4817 2071 4871 ιιι
2093 4817 2146 4870 ιι.
2165 4823 2262 4878 ura.

614 4929 734 4997 agere,
1322 4890 1453 4942 Mslnnotl
1469 4895 1534 4942 sunt
1550 4889 1579 4938 lo
1596 4891 1648 4941 bor
1665 4892 1740 4944 tres.

1421 4673 1429 4683 ἱ

1255 4693 1461 4708 ..ι-ιρι.-

1406 4958 1425 5010 2
1458 4961 1502 5012 Ex
1518 4958 1579 5012 urbi
1582 4960 1631 5009 tos
1648 4957 1693 5008 lna
1694 4957 1904 5023 :pugnsbltlbus

576 5068 741 5170 [sarna.
765 5067 820 5172 a]
1403 5029 1425 5150 1
1455 5027 1978 5168 causanctantae

129 5221 132 5230 '
199 5201 278 5282 905
304 5209 404 5280 Odor.
430 5205 488 5279 Tu
504 5209 672 5303 quidem,
698 5233 720 5277 o
736 5209 853 5301 patria
872 5207 1007 5294 Troia,
1286 5197 1337 5268 ⁴²)
1355 5201 1469 5265 'mvl'l
1492 5201 1522 5252 ¹¹²
1545 5197 1595 5253 111·
1619 5202 1704 5252 Bm·
1725 5201 1794 5253 aesc
1817 5211 1873 5252 vox
1898 5199 1929 5254 la
1952 5203 2112 5268 ιιιιιιιιιιι
2138 5213 2266 5258 rm

248 5309 303 5384 Ex
327 5309 475 5385 urbibus
498 5310 833 5404 inexpugnabilibus
854 5335 931 5383 non
964 5309 1118 5405 amplius
1146 5308 1201 5380 di·
1284 5271 1564 5436 „mam
1588 5371 1707 5440 ,ΜΞ
1730 5372 1825 5436 mg
1849 5367 1889 5424 „g
1885 5367 2015 5440 mm)
2039 5369 2127 5426 mg
2150 5371 2265 5444 m

610 5410 721 5500 certis²
1320 5441 1425 5505 uragu
1432 5452 1443 5504 ι
1459 5441 1509 5494 Μ.
1522 5441 1598 5494 tm.
1615 5436 1810 5496 hafanana
