4700 5808
100 237 137 316 n
238 229 375 306 nvn.
423 223 825 311 mrnnrnerarro
847 223 1019 309 ornus
1045 222 1432 320 onnonnmnrr
1453 223 1736 311 raucarum
1761 179 1852 302 nm.
1872 224 1916 299 n.
2044 221 2097 312 ss

173 403 384 478 observandi
406 416 549 477 suntet
570 413 751 485 cometae,
793 399 936 472 sivein
963 398 1051 468 deli·
1077 397 1273 492 quiddam
1297 393 1452 481 habent,
1492 423 1556 470 cnr
1580 399 1796 492 principium
1822 413 1858 472 et
1875 422 2010 470 novum
2032 423 2097 470 an-

85 510 183 608 quin,
204 509 270 578 sive
287 507 359 576 alio
374 505 503 600 quovis
517 519 680 596 tempore
704 503 902 580 effulserint
918 503 957 570 in
970 499 1051 572 uni·
1101 525 1190 573 num
1213 500 1395 572 vindicare
1417 501 1486 575 sibi
1507 502 1585 572 inre
1608 503 1818 582 videantur.
1865 502 2098 596 Aequinoctii

97 611 250 686 resalium
264 623 458 679 eventuum
475 606 778 678 consideratione:
813 605 936 700 quales
956 615 1051 686 sunt,
1102 603 1206 675 verni
1220 605 1407 695 proprium
1426 616 1497 686 est,
1533 606 1630 697 quod
1645 606 1775 676 diurna
1791 605 1908 697 spatia
1924 617 2010 676 tunc
2023 604 2097 696 pri·

96 739 165 810 qnae
185 724 350 782 vocantur
374 711 510 794 trabes,
548 712 674 792 tubae,
707 707 823 791 dolia,
866 732 908 780 ac
930 702 1052 776 huius·
1103 731 1202 776 mum
1217 719 1340 777 noctes
1354 729 1523 798 superare
1541 707 1735 800 incipiunt,
1763 709 1932 804 quodque
1955 720 2097 800 ternpus

97 816 179 886 nodi.
237 814 379 884 Etenim
410 813 553 883 effectus
581 807 649 882 bae
679 810 845 902 pariunt,
880 809 1049 904 qualesa
1103 820 1156 880 est
1173 807 1394 880 affluentium
1411 805 1678 880 humiditatnm.
1729 807 1778 880 At
1796 806 2020 882 humiditatis
2043 807 2098 880 vis
2154 861 2160 870 -

95 919 184 988 llarte
205 916 358 998 cientur,
398 938 440 987 ae
461 915 660 984 Mercurio:
703 926 744 982 nt
765 911 879 996 bella,
922 922 1051 991 aestus,
1103 910 1349 1001 potissimum,
1375 911 1416 980 ut
1432 924 1466 980 et
1481 924 1584 981 antea
1600 913 1774 994 diximus,
1800 911 1838 980 in
1860 913 2015 984 exordiis
2038 935 2098 1002 gc-

95 1033 186 1097 notus
198 1015 436 1100 turbulentos,
461 1029 498 1085 et
517 1017 607 1097 alia,
632 1037 725 1110 quae
749 1013 816 1084 ista
840 1013 943 1108 sequi
968 1034 1052 1082 con·
1102 1012 1243 1084 niturae
1265 1025 1403 1104 regnat.
1469 1013 1688 1100 solstitium,
1726 1015 1973 1104 longissimum
2001 1013 2099 1085 diem

94 1133 264 1193 sueverunt.
316 1119 505 1190 Caeterum
520 1118 649 1212 quibus
673 1115 761 1186 locis
782 1114 995 1186 minitentur
1018 1125 1053 1182 et
1104 1115 1259 1186 adducit.
1312 1115 1418 1208 Apud
1427 1117 1622 1210 Aegyptios
1632 1117 1676 1214 ¹⁸)
1695 1141 1781 1188 vero
1801 1130 1836 1186 ct
1849 1117 1923 1188 Nili
1941 1118 2099 1190 exunds.

96 1225 238 1292 intentent
253 1221 396 1290 effectus
415 1246 516 1305 suos,
544 1220 738 1290 ostendunt
751 1217 898 1288 Zodiaci
921 1229 1053 1310 partes,
1104 1217 1240 1288 tionem
1257 1219 1384 1302 adfert,
1412 1230 1446 1286 et
1461 1221 1504 1296 dc
1522 1233 1604 1289 ortu
1614 1219 1721 1290 Canis
1737 1221 2022 1290 commonefacit.
2054 1216 2097 1287 ln

93 1327 139 1396 sub
155 1325 273 1418 quibus
297 1323 463 1392 collectae
487 1323 583 1414 ipsae
611 1335 647 1391 et
668 1323 853 1404 incensae,
893 1318 1051 1411 primum
1105 1321 1369 1415 aequinoctium
1388 1322 1595 1391 autumnale
1617 1323 1743 1392 incidit
1769 1335 1909 1414 tempus
1931 1323 2100 1414 colligen-

95 1425 272 1505 erarserint;
314 1438 391 1496 tum
423 1424 674 1496 inclinationes
697 1447 882 1492 comarum
904 1419 1052 1490 crinitae
1104 1426 1233 1494 darum
1263 1435 1299 1493 et
1330 1425 1620 1514 reponendarum
1648 1426 1817 1516 frugum,
1862 1437 1896 1494 et
1924 1425 2026 1519 quasi
2056 1428 2100 1496 dc

93 1527 281 1620 potatione
295 1529 444 1599 formae.
491 1527 546 1597 Ex
562 1528 637 1620 ipsa
657 1547 742 1594 vero
762 1523 980 1596 collectionis
997 1545 1054 1591 ar·
1104 1549 1201 1595 novo
1232 1537 1349 1596 terrae
1379 1525 1517 1596 semina
1548 1529 1776 1596 mandantur.
1843 1526 1979 1596 Bruma
2013 1527 2101 1614 dies,

94 1631 179 1700 dentis
191 1631 286 1700 velut
298 1629 389 1700 faeie
407 1654 448 1699 ac
469 1631 607 1714 forma,
643 1627 841 1697 allectionis
863 1625 996 1718 species
1019 1636 1054 1693 et
1106 1627 1169 1722 qui
1193 1641 1297 1697 antea
1323 1628 1574 1713 decreverant,
1608 1653 1737 1720 augere
1757 1652 1881 1700 rursus
1904 1653 1945 1699 ac
1965 1632 2101 1723 produ·

92 1757 147 1814 res,
167 1732 201 1800 in
220 1757 329 1826 quam
348 1732 409 1800 illa
425 1755 619 1824 pervasura
634 1743 705 1812 cst,
732 1731 942 1800 innotescet.
978 1725 1053 1797 Du·
1106 1755 1185 1800 cere
1208 1728 1346 1822 incipit.

93 1835 161 1902 ratio
171 1833 334 1902 flammae
349 1835 391 1904 de
407 1846 599 1904 eventuum
623 1832 825 1920 intensione
846 1843 908 1901 aut
931 1829 1054 1900 remis·
1204 1833 1275 1904 Sed
1293 1826 1382 1902 mihi
1401 1833 1670 1908 convenientius
1687 1849 1722 1906 ct
1737 1832 1938 1905 naturalius
1959 1857 2032 1906 esse
2048 1831 2102 1900 vi·

92 1937 183 2018 sione,
218 1933 393 2006 habitudo
425 1937 472 2006 ad
496 1936 616 2005 Solem
650 1935 693 2004 de
717 1933 821 2005 initio
844 1934 1055 2014 eorundem,
1106 1939 1231 2018 detur,
1272 1935 1318 2004 ad
1342 1937 1553 2008 indicandos
1576 1951 1723 2010 eventus
1743 1961 1905 2023 annuos,
1943 1947 2101 2034 quatuor

93 2040 205 2131 qnando
227 2040 388 2131 primum
409 2039 599 2122 invadent,
635 2037 788 2108 docebit.
855 2035 1054 2107 Nam-mm
1109 2062 1288 2110 assumere
1305 2039 1502 2131 principia,
1530 2041 1725 2112 observatis
1742 2040 1802 2124 iis,
1829 2066 1921 2136 qnae
1938 2041 2103 2136 proxime

91 2141 257 2210 natntinae
278 2141 435 2226 luerint,
461 2141 595 2234 diuque
617 2139 823 2230 flagrarint,
850 2139 1055 2218 celeriorem
1108 2153 1395 2237 praecesserunt,
1420 2142 1617 2212 noviluniis
1631 2143 1724 2216 Solis
1741 2157 1776 2214 et
1789 2141 1933 2229 Lunae,
1966 2167 2008 2214 ac
2029 2146 2105 2236 ple·

95 2241 131 2312 tin
142 2244 378 2336 vespertinae,
402 2243 578 2313 tardiores
594 2255 741 2312 eventus
756 2253 923 2334 arguunt.
1107 2243 1256 2314 niluniis
1273 2255 1309 2314 et
1323 2244 1477 2315 maxime
1493 2245 1524 2316 si
1537 2244 1576 2314 in
1593 2245 1723 2340 quibus
1737 2242 1868 2318 horum
1890 2249 2105 2319 alterutrum

43 2353 44 2366 ¹
1108 2347 1286 2417 luminum
1302 2345 1488 2428 deiecerit;
1521 2359 1628 2442 atque
1653 2349 1702 2418 ita
1727 2347 1897 2420 indicium
1920 2352 2035 2420 iacere
2060 2352 2105 2420 de

1030 2533 1033 2540 Ι
1109 2461 1206 2521 statu
1218 2449 1311 2520 veris
1326 2449 1561 2542 estprincipio
1579 2449 1732 2535 Arietis,
1758 2454 1805 2521 de
1822 2465 1955 2522 aestate
1972 2478 1993 2523 a
2013 2449 2106 2524 Can-

165 2546 361 2642 Postquam
379 2548 538 2639 exposita
551 2549 657 2618 nobis
669 2559 722 2618 est
737 2543 830 2614 ratio
845 2541 1058 2614 universalis
1110 2576 1194 2635 cro,
1232 2553 1276 2620 de
1299 2564 1474 2622 autumno
1500 2575 1520 2620 a
1542 2549 1674 2636 Libra,
1715 2555 1759 2624 de
1790 2549 1909 2624 hieme
1933 2579 1953 2623 a
1979 2553 2105 2649 Capri;

93 2647 363 2720 ωὓΰὶᾶθΐᾶῑῗθῦῖῦ
382 2673 530 2734 ²0¹¹¹¹¹¹2
557 2670 650 2744 quae
673 2645 880 2740 108l⁰¹fib11⁸
903 2659 940 2716 ei
961 2647 1059 2716 urbi·
1111 2677 1235 2724 corno.
1286 2652 1380 2724 Nam
1405 2653 1500 2744 ipsas
1525 2653 1671 2748 quidem
1694 2655 1912 2728 universales
1935 2659 2106 2729 constitu·

93 2747 138 2818 bos
150 2755 428 2841 portenduntur:
456 2751 617 2846 seqnitur
642 2772 738 2820 nunc
761 2749 926 2820 subtilior
951 2768 1059 2842 quae·
1110 2747 1227 2826 tiones
1250 2767 1474 2846 temporum,
1513 2767 1550 2825 et
1571 2757 1699 2828 modos
1713 2757 1774 2827 Sol
1798 2759 1911 2850 parit:
1953 2761 2108 2832 undeet

91 2849 151 2920 dan
166 2855 356 2950 exquisitio
372 2877 518 2939 eornm,
544 2877 637 2949 quae
652 2853 801 2945 singulis
819 2851 907 2921 anni
921 2865 1060 2942 tempo·
1110 2859 1254 2954 penitns
1272 2856 1430 2950 imperiti
1447 2853 1705 2931 mathematum
1720 2875 1962 2952 praenoscunt
1973 2864 2108 2936 futura.

91 2952 164 3026 rbus
177 2970 349 3028 eventura
366 2957 448 3028 sint.
502 2955 611 3028 Cuius
625 2956 678 3026 rei
693 2954 861 3026 tractatio
877 2956 1058 3048 quandam
1213 2958 1283 3030 Sed
1298 2973 1333 3030 et
1345 2959 1530 3054 signorum
1547 2963 1785 3056 proprietates
1809 2967 1855 3036 ad
1877 2965 2107 3058 significatio·

91 3059 212 3150 requirit
223 3061 270 3130 de
288 3058 480 3130 novilunio
496 3059 584 3128 anni
607 3058 899 3152 disputationem.
950 3056 1060 3149 Quod
1111 3087 1174 3134 nes
1191 3075 1434 3148 ventornmet
1450 3065 1670 3157 generalium
1691 3067 1906 3162 qualitatum
1923 3090 2107 3140 assumen-

92 3153 173 3246 igitnr
198 3162 288 3234 illnd
312 3161 528 3254 principium
552 3163 631 3254 capi
654 3171 820 3253 oporteat
840 3160 878 3228 in
901 3159 1062 3253 qnalibet
1112 3169 1179 3235 dae
1195 3176 1289 3236 sunt.

91 3256 159 3331 Solis
173 3267 427 3350 conversione,
455 3265 608 3334 areditn
627 3267 672 3333 ad
688 3265 828 3346 locum,
858 3263 953 3332 unde
969 3260 1061 3330 exiee
1213 3266 1262 3335 At
1276 3263 1537 3351 mutationum,
1563 3291 1656 3362 qnae
1678 3269 1717 3340 in
1738 3270 1814 3364 ipsa
1838 3285 2003 3365 tempora
2024 3297 2108 3366 par-

91 3374 146 3446 rat,
167 3365 238 3457 ipsa
255 3393 318 3438 res
332 3369 457 3450 docet,
485 3390 564 3436 cum
582 3367 709 3436 effectu
726 3367 824 3458 ipso,
850 3377 926 3434 tum
943 3363 1059 3432 etiam
1111 3369 1287 3440 ticulatim
1310 3367 1488 3454 incident,
1521 3369 1742 3442 incrementa
1766 3385 1829 3445 ent
1849 3375 2108 3447 diminutiones

91 3467 219 3540 romine.
272 3471 394 3562 Quale
410 3471 490 3565 quis
504 3481 622 3538 antem
640 3467 858 3560 principium
874 3466 912 3535 in
928 3465 1060 3535 circulo
1112 3472 1323 3542 indicabunt
1347 3469 1599 3543 universaliter
1623 3476 1767 3570 quidem
1798 3477 1937 3548 vicinae
1967 3481 2109 3571 punctis

91 3563 268 3659 sinpliciter
304 3574 516 3654 constituat,
559 3571 708 3641 omnino
740 3569 955 3660 cogitatione
985 3589 1062 3638 uon
1112 3575 1304 3668 praedictis
1331 3573 1509 3644 luminum
1533 3575 1802 3650 coniunctiones
1824 3593 1860 3650 et
1881 3581 2109 3673 planetarum

91 3667 281 3759 ὼΡΠῙΙΕΜῙ
297 3699 403 3766 P0³⁵0
419 3675 573 3744 Videtur·
631 3672 671 3742 ln
692 3697 735 3743 ⁶⁰
752 3673 898 3767 quidem
916 3671 1062 3756 cirtulo,
1114 3701 1194 3747 cum
1216 3672 1272 3747 his
1294 3677 1611 3768 configurationes;
1644 3681 1885 3772 particulatim
1910 3709 1997 3762 vero
2024 3708 2110 3754 con·

91 3771 138 3860 qni
147 3797 204 3864 per
220 3779 382 3848 medium
405 3777 589 3868 signorum
612 3775 773 3859 ducitur,
803 3773 983 3866 probabili
1005 3795 1062 3842 ra·
1113 3804 1252 3872 gressus
1268 3781 1464 3848 eorundem
1481 3781 1520 3850 in
1541 3781 1689 3873 singulis
1710 3784 1820 3875 signis
1843 3799 1878 3856 et
1898 3787 2108 3878 plenilunia,

91 3871 165 3944 tione
179 3880 441 3972 principiorum
457 3880 538 3948 loco
555 3879 687 3950 assumi
704 3889 853 3969 possunt
867 3888 998 3969 puncta
1016 3876 1062 3944 ab
1113 3885 1271 3976 itemque
1291 3881 1474 3952 stellarum
1498 3885 1684 3955 transitus:
1719 3911 1827 3980 quam
1852 3889 2110 3960 consideratio·

92 3978 343 4070 tequinectiali,
367 3994 403 4051 et
414 3983 556 4052 dnobus
570 3981 710 4072 signata
724 3977 882 4063 coluris,
908 3975 977 4048 hoc
999 3991 1063 4062 estc
1113 4009 1198 4054 nem
1215 3996 1435 4054 menstruam
1452 3988 1642 4056 nominare
1657 3987 1750 4059 licet.

92 4073 155 4146 bina
170 4083 445 4178 aequinoctialia
462 4097 497 4153 et
511 4083 594 4153 bina
613 4084 761 4175 tropica.
804 4081 874 4150 Sed
891 4105 1013 4152 rursus
1028 4093 1064 4150 et

93 4169 136 4246 hit
154 4183 314 4258 dubitare
335 4188 417 4281 quis
438 4187 590 4279 poterit,
630 4210 702 4281 quo
726 4196 860 4277 puncto
887 4195 1062 4276 tanquam
1477 4243 1485 4260 ,
1543 4243 1551 4262 ,
1723 4246 1731 4266 ,

95 4282 239 4368 primario
257 4303 294 4358 et
309 4290 471 4381 principe
487 4300 635 4364 utatur..
667 4286 716 4360 Et
732 4287 877 4382 quidem
892 4283 1064 4376 simplicis
1377 4247 1852 4380 ⁶⁰M⁸i⁰i⁸⁰f⁸⁶⁸i⁰mffi⁰f⁸

95 4403 125 4450 ac
136 4385 309 4462 circularis
323 4406 475 4462 naturae
490 4391 710 4482 proprietate
726 4391 962 4472 considerata,
985 4388 1065 4458 nul·
1217 4357 1275 4426 Ad
1303 4379 1440 4476 ³⁰⁰⁰&
1465 4373 1735 4480 ⁶⁰⁰⁵l¹flst¹⁰¹f²⁸
1751 4365 1979 4449 ¹¹¹d¹⁰³¹¹d³⁸2
2005 4377 2110 4434 ΠΜ

95 4479 152 4554 lum
178 4487 307 4564 horum
340 4507 513 4588 tanquam
537 4495 647 4564 mg„
671 4493 825 4564 ambitus
847 4490 1064 4582 principium
1117 4481 1190 4528 esse
1208 4471 1348 4551 oportet
1367 4472 1473 4528 ettam
1491 4464 1733 4553 particulatim
1753 4469 1932 4538 naturales
1947 4467 2111 4559 proprie-

94 4587 156 4658 ,fig
200 4592 950 4690 Attamenquidehimbummmmffli
969 4605 1066 4677 gum,
1116 4573 1206 4630 tates
1220 4561 1418 4652 signorum.
1469 4561 1654 4655 Quantum
1671 4567 1765 4635 enim
1782 4569 1828 4638 ad
1851 4569 1944 4640 acris
1969 4582 2006 4637 ct
2025 4592 2111 4637 ven-

96 4707 154 4758 ,mo
172 4696 289 4791 ,liquo
314 4694 445 4771 horum
465 4712 624 4792 quatuo,
649 4671 864 4790 punctorum
888 4696 944 4768 usi
971 4708 1067 4778 sum,
1117 4675 1237 4733 torum
1264 4651 1481 4736 mutationes
1512 4668 1693 4748 stellarum
1722 4669 1964 4762 singularum,
2003 4667 2111 4739 nimi·

374 2415 430 2484 De
455 2414 627 2484 novilunio
648 2415 746 2484 anai.

1114 4141 1169 4209 De
1198 4137 1404 4236 particulari
1435 4138 1469 4206 oi
1501 4115 1543 4208 es
1567 4147 1694 4210 natura
1726 4143 1901 4231 &qnorum
1933 4145 1979 4214 nd
2015 4146 2108 4216 ceris

99 4789 152 4860 atio
167 4819 245 4869 „ne
261 4800 375 4886 alim,
407 4815 516 4893 prom
536 4801 689 4896 quisque
710 4799 767 4868 νο]
786 4798 987 4878 ,agionibm
1010 4797 1068 4876 ῃ,
1118 4791 1198 4836 rum
1222 4765 1448 4886 planetarum
1471 4782 1507 4888 et
1531 4767 1993 4890 inerrantiumstellarum,
2018 4797 2111 4868 quae

100 4903 222 4970 mgr„
246 4927 337 4974 ,m
366 4903 496 4976 ,Mu
517 4907 561 4972 ad
587 4899 656 4973 hoc
680 4901 813 4972 illudve
837 4901 1067 4976 “mudum
1119 4869 1271 4960 planetis
1304 4880 1424 4938 natrva
1459 4895 1496 4938 vr
1531 4885 1638 4965 atque
1671 4873 1853 4944 effectibus
1896 4887 2111 4968 congruunt,

99 4991 277 5076 dmm
328 5004 472 5080 Etenim
489 5001 693 5098 hamne,
713 5003 874 5094 ‘insulae
897 5003 1067 5080 ,mium
1121 4984 1295 5091 quantum
1311 4971 1357 5039 ad
1376 4985 1565 5091 ventorum
1584 4986 1618 5042 et
1633 4988 1788 5068 quatuor
1803 4977 1889 5046 anni
1904 4992 2110 5089 temporum

98 5115 287 5142 5-
1119 5085 1251 5144 statnm
1267 5087 1403 5166 integra
1420 5099 1519 5166 signa
1543 5077 1749 5164 conferant,
1780 5103 1847 5154 nos
1869 5105 1976 5175 snpra
2004 5101 2112 5174 expo-

154 5175 283 5300 L‘J‘ffi'·
297 5173 480 5302 {33⁰⁶ss
492 5176 935 5312 :ffiassxffpeffttffl
949 5177 1070 5309 [ὧθήῑ-
1120 5175 1268 5294 suimus.
1326 5177 1452 5248 Restat
1474 5199 1590 5262 nunc,
1609 5191 1670 5250 'ut
1700 5183 1934 5273 particulares
1965 5207 2111 5316 quoque

155 5319 501 5384 ‚Wktqusscnuqns
518 5330 536 5369 s
554 5321 632 5383 ports
649 5317 829 5382 apperirent,
854 5319 917 5368 tttts
932 5317 1070 5383 parrum
1113 5303 1304 5384 'stgnot'um
1322 5291 1469 5350 naturas
1482 5303 1753 5376 persequamur.

159 5385 187 5434 ts
206 5399 278 5450 qus
307 5401 337 5438 ss
358 5389 517 5453 propetetss
540 5389 591 5439 ttts
613 5387 773 5450 insumit,
798 5383 878 5447 [solt.
902 5385 997 5436 tutore
1021 5384 1071 5434 do-
1277 5427 1279 5434 ,
1673 5406 1678 5416 .

154 5455 261 5516 mul.
408 5490 411 5501 .
656 5493 659 5500 .
818 5492 823 5506 ,
938 5474 972 5495 ,ι
1158 5450 1206 5509 ta)
1223 5445 1394 5512 neantes]
1413 5446 1463 5497 nt.
1473 5443 1556 5550 *tm
1571 5446 1728 5510 Aegyptos.

1429 5515 1454 5588 4
