4700 5808
223 175 287 319 ;19
721 268 729 278 ·
812 239 941 315 ann..
974 237 1091 314 ΜΠ.
1122 237 1327 316 sctum
1350 237 1689 316 mammet.
1957 296 1963 305 -
2224 244 2306 318 40·

117 467 123 481 ·
234 443 273 491 se
296 416 456 512 praebet.
514 410 598 485 ldeo
623 423 798 482 nocturna
817 415 878 505 jest
900 425 935 482 et
956 413 1120 497 sinistra,
1153 426 1232 483 tan·
1283 414 1375 482 liunt
1391 414 1609 508 quadrantes
1630 426 1808 508 quatuor,
1840 413 1937 486 iuxta
1960 413 2186 506 trigonorum
2207 439 2276 486 nu-

236 546 345 618 quam
362 517 504 590 Orienti
519 515 697 610 opposita.
1282 539 1436 586 merum.

1383 617 1528 687 Primus
1556 615 1666 708 igitur
1693 619 1876 712 quadrans
1899 619 1944 688 ad
1968 643 2131 692 occasum
2159 621 2277 692 solsti-

236 763 402 850 Μ
423 759 577 848 reygm,
596 757 642 824 ad
663 756 817 844 ,nvom
838 762 872 826 η
895 755 1011 824 mua,
1031 762 1230 844 mmm·
1283 717 1425 805 tialem,
1465 719 1597 790 mixtus
1619 727 1662 789 ert
1681 716 1861 814 Aquilone
1884 733 1919 792 et
1940 721 2082 807 Alrico,
2115 724 2277 794 continet

1283 820 1474 902 Celticam;
1501 821 1684 892 communi
1699 823 1848 895 nomine
1865 824 1995 894 dicitur
2009 823 2169 916 Europa.

338 928 551 1018 Congruunt
568 935 687 994 autem
703 922 741 992 in
755 921 903 1014 singulis
918 934 1036 991 terrae
1046 921 1231 1004 tractibus,
1382 923 1475 994 Huic
1490 923 1675 1017 oppositus
1690 930 1866 998 secundus
1880 929 2062 1022 quadrans
2072 929 2116 998 ad
2124 927 2277 998 Austro·

236 1033 406 1128 propriae
422 1026 615 1100 humorum
635 1025 824 1120 qualitates
853 1037 888 1094 et
909 1023 1161 1094 inclinationes
1184 1024 1228 1092 ad
1282 1027 1466 1110 solanum,
1492 1051 1615 1099 versus
1639 1027 1847 1114 orientalem
1868 1025 2118 1122 Aethiopiam,
2143 1030 2189 1099 ad
2215 1053 2275 1100 or-

234 1139 349 1229 signa.
400 1131 452 1202 Ut
464 1129 561 1202 enim
577 1129 670 1198 aeris
684 1128 892 1198 constitutio
908 1126 946 1196 in
962 1125 1005 1198 iis
1020 1124 1120 1211 locis,
1135 1149 1228 1219 quae
1282 1140 1357 1198 tum
1383 1129 1606 1215 brumalem,
1646 1129 1776 1201 dicitur
1798 1155 1949 1226 magnae
1971 1131 2078 1204 Asiae
2103 1155 2187 1224 pars
2211 1157 2276 1202 au-

236 1239 309 1309 dixi
326 1236 461 1318 calida,
485 1231 613 1325 frigida
632 1241 694 1300 aut
712 1243 909 1322 temperata
934 1253 1030 1312 esse,
1063 1227 1230 1298 differen·
1280 1229 1411 1319 stralis.

133 1347 137 1356 '
235 1341 305 1411 tias
318 1335 427 1408 habet
445 1325 483 1405 in
497 1332 773 1428 particularibus
795 1331 1021 1424 regionibus,
1046 1331 1110 1401 ubi
1133 1354 1230 1401 com·
1384 1331 1528 1403 Tertius
1544 1334 1725 1428 quadrans
1740 1336 1785 1404 ad
1801 1346 1920 1404 ortum
1935 1333 2170 1420 solstitialem,
2183 1334 2276 1406 mix-

235 1441 356 1515 munis
384 1439 536 1535 qualitas
558 1435 757 1506 intenditur
780 1447 844 1505 aut
863 1433 1058 1504 remittitur
1081 1444 1230 1526 propter
1280 1446 1337 1506 tus
1361 1460 1403 1506 ex
1423 1434 1604 1530 Aquilone
1626 1449 1660 1505 et
1683 1436 1902 1522 Subsolano,
1934 1461 2057 1508 versus
2076 1435 2276 1532 Scythiam,

126 1567 139 1582 '
235 1547 323 1618 situs
355 1539 640 1621 ordinationem,
676 1537 922 1624 altitudinem,
961 1549 1023 1606 aut
1047 1531 1230 1605 humilita-
1281 1538 1413 1610 dicitur
1429 1561 1580 1631 magnae
1596 1538 1702 1609 Asiae
1718 1563 1802 1631 pars
1817 1539 2050 1634 aquilonaris.

226 1661 327 1732 ¹tem;
370 1667 523 1738 cumque
556 1641 617 1711 alii
649 1640 763 1731 magis
784 1640 856 1712 sint
879 1651 1060 1734 equestres
1079 1651 1230 1731 propter
1382 1637 1474 1712 Huic
1503 1640 1689 1734 oppositus
1717 1644 1899 1736 quadrans
1927 1644 1973 1710 ad
1999 1665 2163 1712 occasum
2187 1642 2275 1710 bru-

232 1749 374 1844 patrise
398 1744 604 1839 planitiem,
637 1742 700 1812 alii
723 1743 948 1834 navigatores
971 1752 1120 1834 propter
1144 1741 1229 1810 vici-
1280 1743 1434 1828 malem,
1466 1742 1598 1814 mixtus
1627 1767 1670 1812 ex
1691 1745 1871 1840 Aquilone
1902 1756 1937 1814 et
1964 1743 2117 1827 Austro,
2150 1766 2276 1814 versus

235 1878 324 1924 num
342 1873 460 1933 mare,
485 1859 520 1918 et
544 1845 658 1941 aliqui
681 1857 831 1937 propter
856 1845 1012 1937 regionis
1027 1844 1227 1914 ubertatem
1282 1845 1535 1916 occidentalem
1559 1842 1811 1938 Aethiopiam,
1848 1845 1978 1917 dicitur
2001 1845 2185 1917 communi
2207 1871 2276 1916 no-

232 1954 412 2026 mitiores:
439 1950 488 2023 ita
505 1961 541 2020 et
553 1950 716 2020 diversae
739 1948 927 2042 qualitates
951 1959 1036 2018 sunt
1056 1947 1229 2038 gentium,
1280 1949 1377 2018 mine
1391 1946 1518 2042 Libya.

235 2072 277 2130 nt
305 2056 396 2128 aliae
426 2055 472 2124 ad
503 2053 570 2121 alia
606 2051 706 2142 signa
733 2051 999 2144 particulariter
1018 2061 1229 2140 congruant,
1382 2051 1573 2121 Praeterea
1596 2047 1725 2142 singuli
1750 2049 1987 2144 quadrantes,
2024 2075 2096 2147 qua
2120 2063 2278 2140 vergunt

185 2221 190 2228 .
236 2183 328 2255 qnae
345 2171 467 2228 umen
486 2154 700 2249 qualitatum
717 2152 915 2225 similitudo
933 2153 978 2222 ad
995 2151 1169 2244 plurimos
1190 2150 1228 2220 in
1281 2153 1318 2223 in
1339 2153 1496 2224 medium
1526 2152 1636 2223 totius
1659 2164 1805 2222 nostrae
1827 2163 1963 2240 terrae,
1997 2153 2104 2223 aliam
2125 2165 2277 2224 sumunt

233 2285 365 2354 genere
398 2257 566 2353 pertinet.
624 2255 774 2328 Necesse
806 2269 859 2327 est
888 2257 999 2348 igitur
1020 2253 1228 2326 summatim
1280 2270 1468 2338 naturam,
1495 2277 1603 2350 quam
1620 2255 1762 2350 qualem
1779 2249 1998 2328 habettotus
2020 2259 2200 2351 quadrans
2224 2257 2276 2324 ad

230 2363 367 2458 exponi
385 2360 480 2433 hanc
503 2358 851 2444 considerationem,
876 2371 1054 2454 quatenus
1077 2360 1122 2426 ad
1146 2379 1228 2448 par·
1279 2372 1396 2429 totum
1413 2358 1537 2428 orbem
1552 2357 1712 2430 collatus.
1764 2357 1905 2428 Medius
1920 2360 2015 2430 enim
2031 2357 2199 2452 Europae
2220 2359 2280 2428 lo-

232 2469 418 2540 ticnlarenr
435 2463 637 2534 doctrinam
654 2461 834 2532 conducit.
1281 2459 1361 2546 cus,
1387 2460 1561 2558 quaesita
1578 2473 1631 2530 est
1646 2461 1691 2530 ad
1708 2459 1930 2530 solstitialem
1954 2487 2138 2546 occasum,
2163 2461 2193 2532 si
2218 2486 2280 2532 re-

337 2570 427 2641 Cum
459 2565 568 2658 igitur
593 2565 632 2634 in
647 2565 824 2655 Signifero
848 2578 1005 2660 quatuor
1028 2564 1228 2655 triangulae
1280 2565 1408 2658 spicias
1423 2563 1627 2635 universam
1644 2575 1792 2646 terram,
1808 2563 1994 2658 oppositus
2009 2576 2061 2636 est
2078 2563 2174 2634 ortui
2188 2565 2280 2634 bru-

233 2675 367 2764 figurae
384 2671 667 2749 constituantur,
691 2679 733 2736 ut
749 2691 857 2758 supra
873 2681 1053 2738 ostensum
1069 2680 1139 2749 est,
1154 2689 1229 2737 una
1281 2668 1388 2750 mali,
1415 2667 1459 2736 ab
1475 2689 1515 2736 ea
1532 2679 1634 2758 parte
1650 2665 1874 2759 quadrantis.
1922 2663 1974 2737 lta
1995 2665 2033 2736 in
2050 2664 2197 2737 caeteris
2220 2667 2280 2738 iu-

232 2773 383 2856 Arietis,
400 2768 532 2841 Leonis
547 2779 583 2837 et
597 2767 800 2860 Sagittarii,
819 2791 911 2864 qnae
927 2781 1103 2839 vocantur
1117 2768 1227 2837 mixta
1281 2769 1474 2838 dicandum
1505 2778 1575 2850 est,
1617 2767 1928 2862 unumquemlibet
1958 2771 2195 2865 quadrantem
2221 2771 2279 2839 ia-

234 2902 278 2947 ex
299 2874 480 2970 Aquilone
511 2883 547 2942 et
571 2871 715 2956 Alrico,
760 2883 803 2940 ut
832 2870 1037 2963 gubernans
1064 2895 1227 2941 occasum
1281 2870 1523 2942 miliaritatem
1537 2865 1763 2942 haberecum
1788 2871 1927 2943 dnobus
1948 2871 2098 2964 trigonis
2120 2871 2216 2942 inter
2236 2899 2280 2946 se

233 2977 478 3052 solstitialem:
519 2967 580 3044 hic
611 2973 812 3066 triangulus
844 2975 1064 3067 guberuator
1087 2972 1229 3066 potissi·
1281 2973 1474 3070 oppositis,
1501 2999 1581 3044 cum
1607 2985 1786 3045 extremae
1808 2987 1927 3066 partes
1950 2973 2189 3069 peculiaribus
2210 2977 2281 3045 tri-

232 3109 333 3155 mum
355 3077 473 3152 alove
496 3089 645 3174 propter
666 3077 785 3149 locum
810 3077 1124 3172 septentrionalem
1149 3087 1187 3147 et
1208 3099 1228 3146 a
1281 3077 1383 3171 gonis
1397 3079 1589 3171 regantur,
1614 3076 1755 3147 mediae
1769 3101 1856 3148 vero
1872 3089 2056 3151 assumant
2068 3079 2187 3149 stellas
2209 3080 2282 3148 do-

231 3185 350 3258 Marte
365 3196 515 3278 propter
532 3206 709 3254 occasum.
1281 3182 1460 3251 minantes
1475 3180 1512 3250 in
1531 3179 1704 3272 oppositis
1727 3179 1903 3272 partibus.
1954 3179 2007 3250 Ac
2029 3195 2070 3252 ut
2093 3181 2132 3250 in
2158 3193 2282 3251 extre-

336 3287 690 3380 ‘l'riangnlusautem
708 3284 843 3370 Tauri,
868 3282 1030 3376 Virginis
1052 3295 1088 3352 et
1104 3279 1229 3374 Capri·
1281 3283 1349 3354 mis
1381 3284 1449 3356 soli
1471 3282 1642 3374 trianguli
1666 3282 1915 3353 dominantur:
1948 3283 1997 3353 ita
2021 3283 2059 3352 in
2085 3283 2205 3354 medio
2227 3287 2282 3356 ad

234 3391 357 3478 corni,
395 3389 685 3473 Austrisolanus,
726 3389 765 3457 in
795 3400 878 3458 ortu
906 3386 1064 3457 brumali
1092 3385 1230 3475 regitur
1281 3385 1526 3457 dominatores
1548 3385 1796 3478 oppositorum
1821 3385 2038 3478 adiungatur
2059 3385 2282 3474 Mercurius,

109 3581 116 3589 ,
233 3493 469 3592 praecipuea
496 3489 657 3575 Venere,
687 3502 836 3585 propter
857 3488 1063 3569 meridiem
1099 3487 1229 3560 deinde
1280 3501 1471 3585 propterea
1496 3491 1594 3584 quod
1618 3512 1846 3559 communem
1871 3501 1906 3560 et
1926 3489 2083 3559 mediam
2102 3502 2282 3562 naturam

234 3611 271 3671 et
285 3623 303 3668 a
321 3597 498 3680 Saturno,
523 3607 671 3687 propter
686 3607 819 3664 ortum.
1281 3593 1494 3688 qualitatum
1510 3588 1631 3661 habet.

195 3772 203 3792 g
335 3698 553 3792 Triangulus
583 3709 702 3767 antem
729 3695 988 3780 Geminorum,
1029 3691 1162 3764 Librae
1194 3707 1231 3763 et
1383 3693 1523 3788 Quibus
1540 3693 1588 3763 ita
1604 3692 1804 3785 dispositis,
1829 3691 1993 3784 regiones
2012 3691 2049 3762 in
2066 3696 2186 3787 primo
2198 3691 2284 3765 Eu·

233 3802 405 3899 Aquarii,
445 3801 577 3870 mixtus
606 3823 648 3870 ex
669 3797 848 3894 Aquilone
872 3811 907 3868 et
928 3797 1149 3881 Subsolano,
1190 3796 1230 3865 in
1280 3821 1392 3890 rapae
1411 3797 1630 3892 quadrante,
1664 3797 1707 3865 ad
1733 3795 1953 3866 solstitialem
1977 3821 2142 3867 occasum
2169 3797 2284 3886 sitae,

234 3921 317 3980 ortu
335 3903 514 3979 solstitiali
529 3901 667 3996 regitur
689 3903 881 3996 praecipue
903 3925 922 3968 a
941 3900 1118 3982 Saturno,
1144 3923 1229 3993 pro·
1279 3913 1447 3970 naturam
1477 3892 1611 3968 habent
1633 3897 1786 3991 trigoni,
1814 3898 1965 3982 Arietis,
1995 3897 2129 3970 Leonis
2151 3913 2186 3970 et
2208 3899 2285 3990 Sa7

232 4021 313 4104 pter
328 4022 466 4093 ortum,
481 4002 661 4101 habetque
675 4006 811 4078 socium
822 4003 1091 4097 gubernationis
1106 3999 1226 4073 lovem
1281 4003 1434 4094 gittarii,
1451 4013 1487 4071 et
1502 4002 1735 4073 dominantur
1749 3999 1884 4094 Iupiter
1901 4013 1935 4070 et
1951 3999 2049 4071 Mars
2064 4001 2284 4095 vespertini.

232 4125 384 4207 propter
398 4109 630 4203 Aquilonem.
1280 4105 1356 4176 Hae
1372 4117 1475 4186 sunt,
1500 4105 1530 4175 si
1544 4107 1587 4175 de
1605 4104 1689 4175 totis
1704 4105 1868 4196 gentibus
1886 4105 1949 4174 liat
1972 4104 2165 4189 iudicium,
2188 4104 2285 4174 Bri-

334 4207 996 4302 TriangulusautemCancri,Scorpii
1016 4208 1228 4294 etPiscium,
1280 4209 1424 4293 tannia,
1459 4206 1621 4299 Belgica,
1663 4206 1877 4291 Germania,
1910 4203 2121 4292 Bastarnis,
2153 4205 2286 4296 ltalia,

232 4313 365 4386 mixtus
380 4341 422 4384 ex
434 4315 568 4384 Austro
585 4325 619 4383 et
633 4311 776 4396 Africo,
803 4312 841 4380 in
858 4334 984 4382 occasu
1000 4312 1156 4381 brumali
1172 4337 1228 4382 re·
1279 4311 1416 4394 Gallia,
1444 4310 1560 4380 Gallia
1585 4321 1726 4400 togata,
1751 4307 1902 4401 Apulia,
1936 4309 2076 4394 Sicilia,
2110 4306 2285 4404 Tyrrhe-

233 4417 329 4509 gitur
354 4441 374 4487 a
398 4417 534 4501 Marte,
575 4428 724 4510 propter
747 4413 929 4498 Africum,
969 4408 1148 4508 habetque
1170 4425 1245 4486 so·¹
1279 4415 1361 4499 nia,
1394 4411 1545 4496 Celtica,
1578 4411 1765 4503 Hispania.
1828 4405 1871 4480 ln
1900 4407 1956 4482 his
1988 4411 2152 4504 gentibus
2185 4437 2286 4484 con-

233 4521 324 4590 ciam
344 4519 540 4605 Venerem,
567 4530 715 4610 propter
729 4517 914 4587 Austrum.
1279 4529 1412 4608 gruum
1426 4539 1546 4585 mores
1560 4517 1605 4584 ad
1622 4515 1802 4605 trigonum
1821 4527 1856 4584 et
1872 4514 2126 4586 dominatrices
2139 4516 2287 4590 stellas.

336 4623 438 4718 Quae
456 4646 535 4692 cum
553 4621 602 4690 ita
620 4645 656 4692 se
671 4616 840 4704 habeant,
855 4630 890 4688 et
905 4628 1027 4688 nostra
1046 4630 1142 4688 terra
1156 4619 1226 4690 dis·
1278 4620 1370 4691 Sunt
1393 4617 1487 4688 enim
1511 4617 1737 4709 impatientes
1759 4615 1958 4701 servitutis,
1990 4619 2140 4710 cupidae
2163 4619 2287 4689 liber-

231 4725 411 4797 tribuatur
427 4727 465 4796 in
491 4727 708 4822 quadrantes
730 4735 908 4818 quatuor,
935 4723 1226 4793 accommodatos
1277 4721 1379 4805 tatis,
1405 4745 1588 4790 armorum
1605 4732 1640 4790 et
1659 4720 1835 4790 bellorum
1858 4721 2060 4806 studiosae,
2093 4723 2289 4812 patientes

232 4831 277 4898 ad
295 4818 557 4924 triangulorum
573 4825 957 4910 numerum,latitudo
973 4824 1146 4895 dividitur
1160 4849 1225 4918 per
1277 4823 1430 4907 laboris,
1471 4835 1633 4894 amantes
1665 4823 1949 4893 dominationem
1982 4836 2018 4892 et
2040 4824 2287 4913 munditiem,

230 4929 364 5002 lineam
382 4934 493 5002 maris
507 4931 620 5004 nostri
630 4986 641 5016 ,
653 4949 686 4999 'a
703 4929 795 4999 sreto
813 4927 1018 4999 Herculano
1035 4930 1079 4996 ad
1105 4927 1222 4998 sinum
1276 4926 1522 5020 magnitudine
1539 4925 1745 4996 animorum
1760 4938 1992 5019 praestantes.

231 5031 378 5106 lssicnm
395 5037 518 5114 ducta;
545 5047 581 5103 et
595 5034 762 5126 deinceps
779 5033 824 5100 ad
849 5042 969 5102 ortum
994 5055 1059 5123 per
1082 5043 1224 5101 monta·
1260 5019 1263 5026 ⁴
1378 5029 1470 5123 Quia
1488 5054 1573 5099 vero
1589 5026 1724 5122 Iupiter
1739 5041 1773 5098 et
1783 5027 1881 5099 Mars
1897 5023 2031 5099 habent
2046 5055 2082 5100 se
2093 5041 2286 5125 tanquam

229 5161 318 5208 num
335 5137 504 5220 donum,
530 5161 621 5232 quae
635 5136 729 5206 linea
745 5135 995 5230 aquilonarem
1014 5145 1153 5227 partem
1177 5135 1223 5203 ab
1274 5133 1489 5224 vespertini,
1514 5144 1548 5202 et
1564 5133 1648 5228 quia
1663 5133 1864 5224 triangulus
1879 5155 2003 5203 eorum
2021 5132 2144 5224 priore
2165 5149 2290 5223 parte

231 5240 379 5312 australi
395 5251 549 5332 separat.
601 5237 712 5308 Linea
728 5263 815 5308 vero
830 5263 872 5308 ex
886 5239 1044 5309 Arabico
1061 5237 1143 5308 sinu
1158 5261 1223 5329 per
1274 5235 1454 5306 masculus
1487 5247 1559 5319 est,
1605 5235 1805 5328 posteriore
1839 5236 2036 5320 femineus,
2074 5237 2292 5314 mulierum

229 5343 411 5436 Aegaeum
440 5343 604 5436 pelagus,
636 5341 796 5412 Pontum
819 5352 855 5410 et
876 5338 1095 5412 Maeotidem
1121 5340 1222 5432 palu·
1274 5338 1458 5410 amoribus
1473 5338 1594 5410 minus
1607 5351 1774 5410 tenentur
1786 5352 1823 5408 et
1846 5337 1950 5431 pravi
1972 5352 2057 5410 sunt
2079 5344 2124 5409 ad
2149 5340 2292 5412 libidi-

190 5461 193 5468 '
227 5449 312 5517 dem
329 5447 433 5540 dritta
452 5445 623 5517 discernit
634 5445 828 5516 Orientem
847 5456 883 5514 et
897 5444 1142 5530 Occidentem.
1167 5441 1221 5513 lta
1248 5465 1337 5528 ‚nes
1359 5443 1459 5515 alias.
1516 5439 1664 5535 Interim
1687 5455 1809 5512 tantm
1832 5441 1989 5512 retinent
2006 5443 2294 5536 tortitudinem,
