4600 5804
202 205 279 280 903
795 195 918 269 PHIL.
945 195 1060 270 nuh.
1084 195 1288 272 SCRIPTA
1314 193 1650 270 PHILOLOGICA.
2163 199 2238 273 sot

204 371 281 450 676
308 377 399 466 0901.
431 373 503 442 Per
524 369 640 454 Deos,
675 369 942 462 effugeruntne,
983 393 1029 440 au
1050 383 1198 440 manent
1300 373 1389 462 Gyri.
1417 368 1514 465 Quid
1537 367 1680 442 dixisti?
1715 391 1761 437 an
1776 391 1918 438 nomen
1940 383 2086 443 mutans
2108 397 2239 444 novum

617 474 656 542 iu
676 472 812 543 domo?
1658 470 1770 542 dicis?

258 583 357 655 caer.
385 575 445 649 isti
460 578 565 647 tacite
584 590 723 669 petram
742 575 1017 644 obumbrantem
1035 599 1103 644 uos
1305 577 1415 665 Uipia.
1432 575 1553 669 Quod,
1566 574 1628 669 qui
1641 575 1774 666 genuit,
1785 597 1844 641 me
1854 576 2057 645 nominavit
2068 576 2243 668 Ulyssem.

257 682 482 772 occupantes
498 692 604 752 stant.
658 680 749 770 Gyoi.
775 679 832 746 Ad
849 701 957 770 quam
973 673 1147 747 manum?
1301 677 1459 749 Daturus
1474 702 1552 750 eras
1571 677 1672 768 impii
1690 676 1759 746 ribi
1773 699 1920 768 poenas.

202 831 206 838 ·
257 785 356 859 cto.
381 786 439 855 Ad
461 785 635 852 dextram.
714 783 803 870 Opei.
838 777 934 850 Ubi?
1013 784 1111 854 (ibor.
1142 777 1199 847 Ad
1251 781 1327 852 690
1352 779 1557 850 Maleenim
1573 779 1724 848 Troiam
1741 778 2081 865 inflammassemns,

613 883 713 953 illum
730 883 846 975 ipsum
869 905 1006 954 saxum.
1302 883 1430 953 Sinon
1447 894 1481 951 te
1499 895 1646 975 propter
1663 907 1785 952 necem
1805 881 1984 952 sociorum
2001 885 2097 955 uitus
2122 907 2244 952 essem.

258 986 400 1059 Habes?
453 986 543 1076 cycl.
569 986 706 1056 Malum
723 989 768 1055 ed
790 987 924 1057 malum
944 984 1098 1068 aceedit,
1125 1007 1200 1052 cra·
1304 988 1395 1075 Gyet.
1420 982 1604 1069 neuneu,
1632 986 1820 1077 antiquum
1838 986 2023 1056 oraculum
2044 986 2245 1078 perficitur,

628 1088 728 1158 nium
1302 1087 1409 1181 Quod
1427 1113 1485 1158 me
1501 1112 1521 1156 a
1539 1099 1573 1158 te
1589 1098 1814 1157 excaecatum
1830 1085 1877 1154 iri
1890 1085 2031 1158 dicebat

209 1192 285 1264 680
309 1189 514 1282 impingens
528 1193 629 1284 fregi.
682 1194 782 1266 Odor.
808 1186 883 1259 iam
900 1203 936 1258 te
953 1189 1137 1280 effugiunt.
1302 1189 1335 1258 A
1351 1191 1463 1259 Troia
1479 1193 1669 1270 redeuute;
1697 1189 1757 1261 sed
1775 1201 1810 1258 et
1826 1201 1860 1257 te

262 1295 352 1383 dyst.
389 1294 472 1366 Nou
504 1291 592 1379 buc,
644 1307 835 1388 postquam
871 1293 955 1363 illue
985 1291 1126 1362 dicebas
1140 1287 1201 1382 ⁸⁸).
1254 1289 1329 1365 695
1354 1293 1496 1365 Poenas
1512 1295 1678 1363 daturum
1697 1316 1765 1384 pro
1782 1288 1839 1361 bis
1855 1291 2053 1381 praedixit,

618 1395 716 1472 (ibor.
744 1397 826 1468 Nou
842 1391 912 1466 huc
928 1394 1020 1466 diro.
1305 1395 1431 1488 Longo
1449 1397 1485 1464 iu
1504 1395 1596 1464 mari
1613 1408 1776 1486 tempore
1795 1394 2022 1487 pendentem.

261 1499 351 1589 dyst.
377 1497 571 1591 Quomodo
597 1499 730 1592 igitur?
792 1500 889 1570 ator.
923 1497 1205 1568 Circumducuut
1308 1501 1418 1589 Uiyas.
1444 1498 1593 1568 Plorare
1610 1511 1644 1568 te
1669 1497 1794 1576 iubeo;
1829 1508 1865 1565 et
1884 1495 1981 1582 vidi,
2015 1493 2247 1590 quemadmo-

303 1616 309 1629 ‘
628 1615 663 1671 te
680 1605 726 1672 ad
743 1600 939 1672 sinistram.
1665 1603 1751 1670 dum
1774 1599 1915 1669 dixeris.

262 1705 352 1791 Gyri.
379 1702 459 1772 Heu
473 1699 581 1788 mibi,
608 1704 781 1785 irrideor3
807 1703 932 1774 ridetis
947 1725 1004 1772 me
1021 1701 1058 1771 iu
1076 1699 1190 1771 maiis.
1307 1703 1382 1795 Ego
1398 1705 1443 1773 ad
1457 1702 1555 1773 littus
1572 1703 1688 1787 vado,
1715 1716 1749 1771 et
1768 1700 1888 1770 navim

263 1807 362 1874 aaa.
379 1805 448 1874 Sed
463 1829 538 1875 nou
555 1806 628 1875 iam
644 1807 814 1900 amplius;
840 1807 902 1877 sed
918 1799 1043 1876 esthic
1057 1816 1140 1873 ante
1157 1814 1203 1872 te.
1306 1805 1491 1899 impellam
1510 1807 1555 1874 ad
1571 1829 1670 1874 mare
1686 1803 1842 1876 Siculum
1858 1815 1892 1872 et
1908 1823 2025 1868 meam
2044 1797 2213 1891 patriam.

214 1899 289 1976 685
317 1909 407 1998 Gyei·
441 1908 476 1977 0
499 1908 670 2000 pessime,
701 1909 764 1980 ubi
785 1906 845 1980 es?
927 1909 1038 1999 Ulyss-
1071 1905 1202 1977 Procul
1256 1911 1332 1982 700
1357 1912 1447 2002 Gyri.
1473 1909 1728 2003 Nequaquam,
1760 1905 1844 2001 quia
1859 1899 1978 1974 reboo
1993 1904 2149 1994 abrupto
2166 1923 2246 1969 saxo

623 2037 643 2080 a
673 2024 707 2082 te
1307 2013 1397 2083 Tuis
1412 2037 1492 2082 cum
1508 2011 1627 2098 nautis
1642 2023 1826 2080 conteram
1842 2007 1992 2083 iaciens;

264 2106 433 2183 Excubiis
448 2113 611 2184 custodio
625 2110 719 2184 hanc
733 2117 882 2184 domum
899 2111 1046 2205 Ulyssis.
1307 2115 1363 2184 ad
1379 2116 1476 2184 littus
1491 2115 1604 2196 vado,
1630 2136 1850 2207 quamquam
1868 2133 2010 2193 caecus,

1306 2218 1377 2287 Per
1394 2239 1493 2286 mare
1508 2218 1641 2286 vadens
1659 2215 1820 2308 pedibus.

246 2383 296 2450 88)
313 2384 439 2445 dicebas]
462 2383 503 2434 xie
524 2385 573 2442 (=
590 2382 683 2448 Eurtp.
703 2371 797 2442 tinec)
821 2351 905 2432 eant}
923 2379 998 2432 ¹558.
1021 2383 1049 2432 et
1074 2383 1206 2442 resanat,
1308 2323 1406 2392 ⁶1⁵⁰*
1432 2319 1507 2392 Nos
1523 2319 1732 2410 ”mgnum
1747 2341 1827 2438 ⁰⁰¹¹}
1841 2319 1967 2412 Ulym

282 2455 332 2506 aa.
351 2453 425 2505 saar.
446 2453 574 2505 aenean.
1139 2449 1150 2478 ·
1308 2418 1349 2492 lu
1366 2435 1548 2516 posterum
1563 2417 1705 2492 Baccho
1726 2445 1932 2493 serviemus.

1080 2681 1408 2694 „nn—..nan—

297 2951 373 3012 Hnie
400 2949 638 3027 interpretationi
667 2947 801 3007 addimur
829 2947 1033 3026 Prologurn
1059 2947 1091 3004 iu
1119 2945 1205 3006 buius
1306 2946 1440 3017 Pocula
1457 2949 1520 3044 qui
1537 2949 1644 3022 miser
1661 2944 1845 3033 exhaurit,
1872 2973 1917 3020 ne
1936 2959 2035 3039 gutta
2052 2945 2223 3039 supersit,

213 3037 383 3117 tragoediae
396 3035 548 3136 exordium
562 3035 598 3093 ab
612 3035 724 3136 inserto
744 3042 865 3092 auotoro
883 3034 1097 3112 conseriptun,
1118 3049 1205 3133 quern
1360 3049 1464 3122 Unde
1482 3065 1591 3147 queat
1605 3053 1733 3124 siccam
1748 3075 1870 3123 musca
1885 3053 2006 3121 levare
2022 3049 2135 3122 sitim·

213 3123 389 3184 Gretboains
430 3141 460 3180 an
503 3119 686 3180 Colieetsone
724 3118 974 3200 Epigrammatnm
1007 3117 1206 3180 Meuuthonu

212 3209 305 3272 toti.
319 3206 349 3272 1.
370 3207 459 3268 affert
476 3203 520 3268 tio
541 3206 729 3286 interiptomt

213 3326 263 3396 lu
282 3327 515 3396 exordium
533 3323 805 3415 tragoediae
819 3321 1077 3415 Euripidis,
1094 3345 1206 3415 quae

239 3428 521 3497 inscribitur
548 3425 760 3519 Cyclops,
791 3425 960 3494 incerti
987 3423 1179 3495 autoris.

1307 3151 1545 3250 Lautitiisque
1563 3157 1654 3226 solet
1668 3179 1824 3227 erassum
1840 3155 2042 3226 distendere
2058 3165 2231 3231 ventrem,

1360 3257 1457 3326 Rara
1471 3260 1584 3330 fames
1600 3258 1670 3344 illi,
1697 3259 1815 3328 rarior
1832 3271 1940 3354 atque
1957 3256 2044 3329 sitis.

1306 3357 1386 3430 Heu
1402 3359 1551 3430 miseros
1565 3361 1712 3446 fratres,
1736 3356 1808 3432 beu
1824 3361 1935 3431 durae
1951 3359 2078 3431 semita
2095 3358 2209 3436 vitae,

1361 3461 1478 3554 Quam
1494 3463 1598 3534 nobis
1614 3476 1753 3534 constat
1767 3461 1840 3532 vita
1856 3464 1979 3533 labore
1996 3461 2109 3554 gravi.

263 3563 446 3656 lugentem
462 3561 626 3632 manibus
643 3559 770 3632 tollens
786 3573 922 3631 cratera
940 3560 1098 3642 duabus,
1307 3563 1371 3634 His
1387 3564 1523 3637 meritis
1539 3565 1676 3637 coelum
1693 3566 1772 3660 quis
1788 3563 1964 3658 deneget?
1993 3563 2134 3636 Aeacus
2150 3562 2219 3652 ipse

317 3665 552 3758 l’raepinguis
570 3659 768 3734 monachus
784 3663 869 3734 talia
885 3665 993 3735 verba
1007 3662 1127 3735 refert.
1359 3662 1399 3736 in
1414 3693 1552 3740 summa
1570 3671 1657 3740 tales
1674 3669 1824 3740 collocat
1839 3693 1919 3740 arce
1934 3669 2021 3762 poli.
