4700 5808
127 271 296 366 ,96

244 471 311 518 nec
334 469 413 519 cum
437 439 605 510 orientali
625 432 835 518 horizonte,
871 459 911 502 ac
935 429 1093 502 interdiu
1116 429 1239 502 Satur·

243 575 351 632 num,
384 549 494 628 n'octu
508 542 664 611 Martem
682 534 819 609 habent
832 537 870 606 in
886 535 1031 606 cardine
1048 533 1237 604 dominan-

245 664 316 722 tem
333 650 372 718 in
387 644 456 717 hoc
471 645 602 739 positu.

344 782 487 856 Furiosi
511 804 597 850 vero
629 780 738 862 fiunt,
779 801 860 846 cum
891 787 1037 844 econtra
1064 771 1240 843 Saturnus

125 925 129 936 ·
244 904 366 974 noctu,
391 887 491 956 Mars
506 882 664 952 interdiu
679 879 899 962 dominatur,
926 875 1081 946 maxime
1098 875 1136 943 in
1146 872 1238 944 Can-

245 1018 327 1078 cro,
352 989 501 1081 Virgine
526 1000 561 1057 et
575 982 757 1074 Piscibus.¹

346 1105 533 1198 Verentur
552 1121 772 1204 daemoniis,
798 1131 835 1188 et
858 1129 941 1188 sunt
959 1113 1067 1184 nimis
1087 1108 1239 1183 humido

248 1232 415 1314 cerebro,
443 1228 570 1324 quibus
585 1225 764 1294 maleficae
778 1219 980 1313 adspiciunt
996 1215 1153 1312 Lunam,
1177 1214 1240 1284 Sa·

246 1352 372 1407 turnus
388 1333 626 1403 discedentem
647 1352 665 1394 a
685 1323 795 1396 radiis
812 1323 923 1408 Solis,
947 1319 1049 1390 Mars
1064 1343 1150 1387 vcro
1176 1341 1240 1408 op-

245 1440 399 1533 positam
417 1434 511 1518 Soli,
538 1430 692 1500 maxime
708 1429 747 1497 in
762 1425 955 1519 Sagittario
976 1436 1012 1493 et
1022 1421 1196 1492 Piscibus.

348 1575 437 1646 Cum
464 1584 582 1644 autern
604 1565 701 1640 solae
725 1576 809 1636 sunt
832 1562 1033 1643 maleficae,
1059 1581 1101 1628 eo
1117 1557 1240 1641 modo,

245 1695 286 1754 ut
301 1678 394 1764 dixi,
419 1701 461 1746 ac
473 1671 720 1752 dominantur,
746 1666 905 1738 efficiunt
916 1661 1132 1734 insanabiles
1144 1681 1240 1730 mor·
1273 1747 1279 1756 Ι

245 1786 329 1867 bos,
362 1783 513 1850 latentes
535 1788 657 1845 tamen
683 1784 718 1840 et
740 1793 816 1840 non
837 1765 993 1861 prodigii
1016 1764 1168 1847 similes,
1202 1763 1241 1832 in

246 1899 348 1979 parte
366 1883 508 1952 animae
523 1874 721 1948 rationalis.

348 2018 386 2089 si
411 2039 497 2085 vero
519 2013 717 2092 beneficae,
742 2005 878 2098 Iupiter
894 2016 956 2074 aut
968 2000 1112 2084 Ve'nus,
1137 1997 1240 2070 fami-

246 2121 401 2190 liaritate
418 2118 537 2212 aliqua
556 2115 637 2184 illas
658 2109 873 2203 adspicient,
906 2118 941 2176 et
963 2103 1144 2172 maleficae
1166 2103 1240 2170 fue-

247 2226 322 2294 rint
344 2225 382 2292 in
410 2221 612 2300 occidente,
644 2228 679 2285 et
699 2213 877 2283 beneficae
899 2208 938 2277 in
952 2207 1111 2288 oriente,
1138 2227 1241 2274 sana-

247 2327 336 2397 biles
351 2326 497 2394 morbos
511 2320 667 2402 faciunt,
693 2341 759 2386 nec
773 2313 905 2386 similes
920 2309 1106 2402 prodigiis.

351 2461 582 2534 Curabuntur
616 2469 735 2525 autem
769 2449 1000 2529 medicando,
1037 2469 1117 2514 cum
1146 2443 1243 2512 favet

246 2565 401 2660 Iupiter,
436 2574 497 2632 aut
519 2556 768 2639 subducendo,
802 2565 866 2622 aut
888 2575 955 2642 ope
977 2545 1240 2618 medicamenti.

247 2669 310 2741 Sin
333 2680 452 2738 autem
475 2663 598 2734 Venus
623 2659 839 2754 opitulatur,
873 2664 977 2724 sanat
1001 2648 1172 2731 oraculis,
1207 2659 1242 2718 et

249 2772 368 2842 divina
391 2793 471 2862 ope.

352 2907 441 2977 Cum
460 2913 581 2971 autem
596 2895 776 2965 maleficae
793 2903 900 2961 erunt
925 2890 963 2957 in
990 2887 1146 2970 oriente,
1179 2886 1239 2955 be·

248 3011 380 3081 neficae
396 3029 482 3076 vero
499 3003 536 3072 in
552 2999 754 3080 occidente,
780 2993 899 3064 morbi
920 3003 1004 3064 sunt
1025 2987 1239 3060 insanabiles

248 3127 283 3184 et
304 3107 436 3206 passim
460 3103 629 3176 celebrati
652 3111 687 3172 et
709 3097 909 3181 manifesti,
950 3107 985 3165 et
1009 3093 1046 3162 in
1068 3091 1240 3161 comitiali

247 3216 317 3288 erit
332 3210 521 3286 assuiditas
537 3221 571 3279 et
585 3209 702 3276 famae
715 3204 788 3272 late
807 3199 970 3294 vagantis
997 3193 1181 3266 celebritas
1205 3207 1240 3263 et

247 3319 352 3389 letale
367 3313 578 3409 periculum.
630 3305 672 3378 ln
688 3309 810 3376 furore
831 3328 917 3374 vero
944 3313 980 3372 et
999 3297 1130 3368 mentis
1156 3320 1239 3366 con-

247 3419 466 3495 sternatione
481 3438 556 3484 non
571 3422 741 3504 poterunt
755 3403 954 3489 coherceri,
989 3414 1024 3471 et
1045 3398 1239 3471 familiares

244 3523 475 3601 alienabunt,
500 3515 690 3586 nudabunt
704 3531 878 3602 corpora,
903 3519 939 3576 et
958 3505 1077 3575 dicent
1099 3526 1239 3572 execra-

247 3627 364 3695 tiones
378 3635 413 3691 et
430 3621 497 3690 alia
515 3613 734 3687 huiusmodi.

350 3757 439 3828 Cum
458 3765 576 3823 autem
602 3773 620 3818 a
645 3745 878 3817 daemonibus
902 3741 1145 3820 vexabuntur,
1178 3749 1240 3807 aut

245 3860 441 3934 humorum
477 3850 769 3925 conturbationes
802 3858 926 3929 erunt,
968 3845 1056 3912 fient
1087 3840 1239 3922 afflatus,

247 3987 459 4036 arcanarum
476 3983 596 4030 rerum
614 3951 897 4033 enuntiationes,
925 3945 1085 4018 convicia
1102 3955 1139 4013 et
1156 3943 1240 4026 alia,

248 4091 340 4161 quae
358 4091 425 4158 pro
442 4061 614 4156 prodigiis
629 4055 820 4128 habentur.

348 4197 388 4268 ln
406 4197 553 4288 singulis
567 4219 652 4264 vero
666 4194 831 4263 locorum
846 4183 1107 4258 continentium
1126 4183 1239 4272 figura

248 4303 402 4373 multum
426 4300 541 4368 adfert
564 4296 750 4364 momenti.
817 4292 909 4362 Nam
934 4287 1026 4357 Solis
1055 4298 1089 4356 et
1111 4283 1240 4354 Martis

247 4407 325 4475 loca
345 4405 389 4474 ad
406 4399 584 4471 insaniam
599 4396 754 4466 maxime
773 4394 980 4472 conferunt,
993 4385 1086 4457 lovis
1102 4386 1240 4456 etMer-

248 4506 339 4581 curii
356 4507 402 4575 ad
416 4501 654 4582 comitialem,
686 4495 835 4567 Veneris
852 4496 896 4564 ad
912 4491 1052 4561 afflatus
1070 4501 1105 4558 et
1118 4491 1240 4559 vatici-

247 4613 326 4692 nia;
353 4610 529 4680 Saturnus
545 4618 579 4674 et
595 4603 698 4673 Luna
717 4601 762 4668 ad
778 4595 973 4668 humorum
995 4593 1240 4663 conturbatio-

247 4740 310 4786 nes
325 4727 361 4785 et
377 4715 594 4784 daemonum
611 4702 828 4776 vexationes.

349 4849 402 4920 Ac
418 4842 641 4918 inrationali
657 4840 776 4913 anima
791 4850 828 4908 et
841 4845 943 4930 parte
959 4830 1100 4914 actrice,
1121 4830 1239 4901 morbi

235 4953 415 5023 'accidunt
429 4953 502 5020 fere
520 4951 616 5021 iuxta
632 4943 697 5016 bas
713 4941 866 5037 species,
893 4963 982 5033 quas
999 4934 1178 5017 recensui,
1205 4945 1241 5004 et

249 5054 313 5126 tali
328 5054 510 5126 stellarum
527 5050 657 5144 positu.

712 283 723 306 ·
819 251 1749 345 tm·usst.ssu1rrtrnnonoe1ua..·
1796 285 1858 340 -‚:
1914 280 1920 309 ε

2229 255 2289 343 eo

1393 424 1435 496 ln
1449 439 1551 520 parte
1568 453 1652 500 vero
1667 429 1791 512 altera,
1818 428 1982 500 videlicet
1996 429 2166 521 patiente,
2184 451 2290 498 nena-

1291 555 1336 622 pe
1350 530 1389 598 in
1405 531 1676 622 concupiscente
1690 526 1971 624 deprehenditur
1985 555 2144 602 excessus
2167 545 2204 601 et
2227 534 2292 602 de-

1290 634 1403 704 fectus
1419 631 1458 700 in
1474 634 1631 702 masculo
1650 646 1685 702 et
1702 633 1858 703 femineo
1874 659 2016 726 genere.

1393 733 1441 804 Et
1455 735 1548 805 sumi
1563 747 1682 826 potest
1695 736 1958 822 consideratio,
1980 748 2021 807 ut
2036 748 2163 817 antea,
2188 733 2292 803 vide-

1290 835 1373 905 licet
1393 836 1486 908 Solis
1509 850 1543 908 et
1562 835 1687 908 Lunae
1707 863 1774 930 pro
1800 837 2004 922 Mercurio,
2038 848 2073 906 et
2096 850 2294 907 sumantur

1291 937 1420 1010 Martis
1437 939 1636 1012 acVeneris
1653 941 1850 1032 adspectus.
1901 939 1999 1011 Haec
2016 964 2097 1010 cum
2114 939 2164 1009 ita
2181 955 2294 1011 erunt

1292 1040 1404 1112 oculis
1419 1042 1597 1127 subiecta,
1623 1040 1653 1114 si
1668 1041 1806 1112 lumina
1825 1056 1931 1113 erunt
1953 1043 1993 1112 in
2016 1041 2124 1136 siguis
2148 1067 2293 1112 mascu-

1291 1143 1335 1214 lis
1347 1145 1436 1228 sola,
1453 1145 1523 1213 viri
1538 1146 1714 1215 excellunt
1727 1147 1840 1236 magis
1855 1171 1964 1240 quam
1980 1169 2047 1237 pro
2064 1169 2127 1216 sua
2144 1158 2293 1233 natura,

1292 1247 1458 1318 mulieres
1480 1271 1568 1316 vero
1591 1260 1736 1340 praeter
1756 1261 1923 1317 naturam
1950 1272 2050 1320 suam
2074 1261 2181 1318 erunt
2203 1250 2294 1318 viri·
2342 1251 2343 1256 ’

1291 1348 1401 1420 liores
1418 1362 1453 1419 et
1469 1349 1691 1420 excitatiores
1708 1351 1753 1418 ad
1777 1351 1955 1441 agendum
1980 1350 2136 1446 aliquid.
2189 1349 2239 1420 Et
2260 1353 2294 1424 si

1292 1449 1391 1542 Mars
1406 1475 1447 1522 ac
1459 1450 1602 1537 Venus,
1629 1477 1693 1523 seu
1708 1453 1899 1536 alteruter,
1924 1479 1988 1524 seu
2004 1453 2111 1522 ambo
2126 1466 2235 1523 erunt
2250 1455 2293 1524 in

1292 1554 1458 1626 masculis
1471 1554 1558 1625 locis
1573 1554 1700 1648 positi,
1735 1555 1806 1624 viri
1827 1568 1934 1626 eruut
1955 1555 2064 1648 proni
2087 1557 2132 1624 ad
2156 1579 2292 1628 concu-

1291 1656 1386 1727 bitus
1414 1658 1609 1727 secundum
1643 1670 1833 1738 naturam
1873 1661 1935 1730 sed
1967 1671 2089 1728 tamen
2114 1673 2223 1730 ruent
2250 1661 2292 1728 in

1293 1760 1491 1842 adulteria,
1517 1772 1552 1829 et
1573 1773 1680 1829 erunt
1702 1759 1985 1845 incontinentes,
2019 1773 2055 1829 et
2077 1762 2204 1855 quavis
2229 1787 2294 1832 oc-

1292 1861 1433 1932 casione
1450 1863 1663 1932 exercebunt
1677 1875 1799 1953 turpes
1815 1874 1850 1932 et
1864 1887 1973 1954 vagas
1986 1862 2163 1934 libidines.

1393 1963 1563 2034 Mulieres
1578 1988 1664 2033 vero
1684 1978 1790 2035 erunt
1802 1989 1940 2056 pronae
1956 1966 2002 2034 ad
2016 1965 2182 2036 libidines
2202 1989 2292 2034 con-

1293 2077 1348 2134 tra
1362 2079 1550 2152 naturam,
1576 2067 1710 2138 salaces
1733 2080 1769 2137 et
1790 2069 1903 2138 oculis
1916 2069 2140 2160 vagantibus.
2191 2068 2293 2139 Nam

1293 2169 1374 2239 talis
1389 2169 1526 2259 positus
1541 2169 1724 2240 stellarum
1742 2171 1901 2240 incendit
1916 2171 2101 2256 mulieres,
2134 2183 2176 2241 ut
2190 2171 2293 2240 viro-

1293 2295 1374 2340 rum
1390 2271 1548 2341 actiones
1563 2271 1708 2341 faciant.
1810 2337 1816 2342 .

1393 2371 1472 2443 Etsi
1486 2375 1560 2444 sola
1574 2372 1697 2445 Venus
1711 2373 1818 2444 fuerit
1834 2373 1873 2443 in
1887 2373 1974 2444 locis
1989 2375 2167 2456 masculis,
2193 2374 2294 2442 clam

1293 2487 1328 2543 et
1352 2497 1428 2546 non
1457 2477 1578 2567 palam
1608 2477 1674 2547 ista
1703 2477 1837 2568 flagitia
1869 2478 1968 2546 fient.
2035 2475 2105 2546 Sed
2132 2475 2162 2547 si
2186 2475 2295 2546 Mars

1293 2577 1402 2647 ctiam
1417 2578 1613 2662 accesserit,
1638 2579 1758 2672 palam
1772 2592 1808 2649 et
1821 2579 2049 2671 impudenter
2062 2581 2167 2662 fient,
2194 2581 2293 2649 adeo

1293 2693 1334 2750 ut
1353 2679 1534 2752 interdum
1558 2682 1639 2750 illae
1661 2683 1757 2773 ipsae
1778 2682 1866 2752 alias
1896 2682 2063 2754 mulieres
2092 2680 2295 2753 familiares

1294 2795 1467 2878 tanquam
1487 2783 1654 2874 coniuges
1670 2781 1836 2854 habeant.

1392 2884 1551 2956 Econtra
1579 2909 1664 2957 vero
1693 2886 1724 2956 si
1751 2886 1929 2958 luminum
1955 2887 2092 2978 positus
2112 2886 2184 2956 sint
2208 2899 2297 2956 tan-

1292 2999 1368 3058 tum
1398 2989 1437 3057 in
1464 2989 1627 3059 femineis
1660 2989 1790 3082 signis,
1832 2987 1998 3060 mulieres
2020 2989 2128 3060 nimis
2153 2990 2295 3063 salaces

1292 3102 1417 3176 eruut,
1444 3105 1480 3161 et
1493 3092 1563 3162 viri
1577 3103 1700 3162 contra
1716 3105 1885 3163 naturam
1908 3117 2011 3163 suam
2031 3092 2157 3162 molles
2181 3106 2218 3163 et
2238 3095 2297 3163 ef-

1291 3194 1468 3265 &mmm

1392 3296 1539 3366 Etcum
1557 3295 1677 3367 Venus
1698 3307 1753 3372 est,
1771 3294 1809 3362 in
1834 3294 1921 3365 locis
1942 3294 2125 3378 femineis,
2160 3295 2297 3366 mulie-

1291 3423 1347 3470 res
1363 3411 1469 3469 erunt
1484 3423 1620 3492 pronae
1638 3400 1684 3466 ad
1700 3396 1905 3481 libidinem,
1933 3399 2117 3468 adulterae
2137 3410 2173 3468 et
2194 3399 2297 3470 sala-

1291 3526 1367 3586 ces,
1402 3503 1510 3572 etiarn
1533 3513 1657 3571 contra
1680 3512 1848 3570 naturam
1872 3512 1908 3569 et
1926 3502 2037 3592 leges;
2070 3500 2141 3568 viri
2164 3513 2296 3573 autern

1291 3605 1417 3674 molles
1432 3618 1468 3674 et
1490 3605 1718 3696 impudenter
1739 3601 1923 3673 libidinosi
1948 3616 1984 3673 et
2005 3603 2195 3674 muliebria
2222 3627 2296 3695 pa-

1291 3709 1440 3790 tientes,
1467 3706 1574 3800 idque
1592 3707 1682 3775 clam
1701 3704 1852 3776 faciunt.

1392 3809 1463 3879 Sed
1479 3809 1509 3880 si
1524 3807 1623 3878 Mars
1646 3821 1698 3878 est
1718 3807 1825 3875 etiam
1847 3805 2042 3889 femineus,
2074 3807 2194 3898 palam
2218 3807 2297 3888 im-

1291 3913 1467 4003 pudenter
1481 3912 1642 4004 polluent
1656 3935 1692 3982 se
1709 3909 1809 3978 omni
1825 3932 1953 4001 genere
1968 3908 2172 3995 libidinum,
2193 3911 2295 3983 adeo

1291 4025 1332 4084 ut
1348 4015 1553 4099 infamiam,
1579 4015 1713 4107 probra
1729 4025 1764 4082 et
1782 4011 2017 4084 contumelias
2039 4025 2190 4106 propter
2211 4037 2297 4086 sce-

1291 4116 1406 4188 lerum
1423 4117 1682 4210 turpitudinem
1699 4116 1862 4187 subeant.

1396 4220 1610 4291 Conducunt
1626 4216 1956 4322 autemprientalcs
1970 4228 2007 4287 et
2026 4217 2196 4289 matutini
2221 4243 2299 4310 po-

1292 4322 1379 4392 situs
1396 4322 1525 4394 Martis
1541 4335 1575 4392 et
1591 4321 1742 4392 Veneris
1758 4323 1804 4390 ad
1828 4320 2014 4390 audaciam
2038 4331 2074 4389 et
2095 4322 2300 4415 impuden-

1291 4425 1397 4507 tiam;
1432 4425 1668 4496 occidentales
1689 4448 1775 4494 vero
1801 4437 1837 4494 et
1856 4421 2073 4515 vespertini,
2115 4437 2300 4497 naturam

1290 4528 1427 4598 faciunt
1449 4529 1563 4620 magis
1585 4527 1847 4610 effeminatam,
1876 4537 1910 4595 et
1928 4549 2021 4621 quae
2033 4526 2174 4600 facilius
2188 4553 2299 4600 com·

1291 4631 1458 4724 pescitur.
1510 4631 1602 4701 Cum
1617 4655 1703 4716 gero
1719 4631 1893 4701 Saturnus
1907 4629 2062 4715 accedit,
2094 4631 2299 4706 coniuncta

1292 4733 1360 4804 erit
1376 4733 1599 4826 impudicitia
1616 4755 1695 4804 cum
1712 4733 1835 4804 illuvie
1851 4745 1886 4803 et
1902 4732 2062 4804 infamia.

1393 4835 1529 4931 iupiter
1551 4837 1635 4906 facit
1656 4835 1909 4920 modestiores,
1946 4835 2224 4910 verecundiores
2256 4855 2301 4914 et

1292 4938 1487 5022 cautiores;
1511 4939 1713 5012 Mercurius
1728 4939 1959 5024 famosiores,
1986 4952 2022 5011 et
2042 4941 2188 5017 crebras
2209 4971 2299 5018 mo-

1293 5065 1373 5114 rum
1395 5043 1612 5116 mutationes
1630 5057 1666 5114 et
1678 5043 1817 5114 maiora
1834 5044 1979 5114 damna.

1130 5323 1396 5334 n—-m-—u—-n
