4600 5804
50 207 113 282 aaa
446 171 583 276 nxvu
630 197 1629 284 urmrnurnuonaccuanuuaunumu.
1989 209 2063 290 sao

89 377 250 472 Undique
267 397 332 467 ego
350 373 421 445 texi
436 373 663 472 botriforis')
685 377 886 464 frondibus,
1076 373 1127 446 50
1159 375 1233 446 Ubi
1259 381 1447 454 ostendero
1471 407 1529 454 me
1552 383 1681 476 ipsum.
1749 379 1788 454 Si
1810 405 1895 454 vero
1919 379 2062 456 Theba-

90 483 302 574 Relinquens
319 501 446 550 aureas
463 477 573 549 valles
586 477 772 574 Lydorum
1478 509 1610 556 norum
1626 483 1750 555 civitas

91 585 133 654 Et
149 580 331 675 Phrygum
349 581 615 677 Persarumque
631 583 770 674 apricas
785 583 917 676 glebas,
1115 527 1193 648 Per
1208 580 1299 650 iram
1318 609 1396 654 cum
1415 589 1525 660 armis
1538 583 1697 660 Bacchas
1714 572 1911 660 inexilium
1927 591 2058 682 pellere

51 687 91 762 15
112 685 156 756 Et
171 686 277 756 urbes
294 683 592 770 Bactrianorum,
616 696 652 755 et
667 682 868 782 hyemalem
883 700 1017 759 terram
1120 680 1297 774 Quaeret,
1314 689 1513 760 adt¹¹⁰vt³b⁰
1531 692 1723 761 exercitum
1738 689 1958 764 Meesstdum
1974 695 2058 766 dtu·

90 790 272 860 Medorum
291 789 480 873 accedens,
506 800 541 857 et
556 788 729 860 Arabiam
744 790 896 876 felicem,
1119 783 1275 878 Propter
1314 815 1422 884 quam
1455 815 1599 862 causam
1631 792 1770 864 mutavi
1806 794 1960 885 speciem
1992 791 2059 867 hu-

88 892 133 963 Et
146 891 265 964 Asiam
283 889 507 976 universam,
535 915 628 986 quae
644 892 690 962 ad
705 893 838 965 salsum
848 916 955 989 prrare
1484 918 1644 979 manem,
1738 933 1740 942 κ

89 993 194 1079 lacet,
218 995 336 1066 mixtis
352 993 498 1064 Graecis
514 1006 549 1062 et
562 994 726 1066 barbaris
746 997 866 1083 simul,
1096 1049 1097 1052 ,
1118 986 1165 1058 Et
1179 1013 1297 1060 meam
1316 994 1469 1064 formam
1487 999 1624 1068 mutavi
1640 999 1680 1068 in
1694 996 1834 1066 virilem
1850 1010 2031 1072 naturam.
2071 1053 2075 1062 .

89 1098 213 1168 Multas
227 1092 363 1168 babens
377 1096 468 1166 bene
484 1097 641 1170 munitas
657 1097 774 1171 urbes.
1068 1083 1119 1160 55
1164 1091 1252 1177 Sed,
1301 1118 1323 1163 ⁰
1363 1096 1606 1194 relinquentes
1646 1100 1841 1183 Tmolum,
1894 1114 2055 1173 montem

45 1204 87 1276 20
108 1203 161 1272 Aa
177 1195 270 1270 hanc
286 1199 444 1291 primum
461 1199 544 1268 veni
560 1199 740 1270 civitatem
758 1203 993 1283 Graecorum,
1481 1201 1632 1296 Lydiae,

87 1301 157 1374 lllic
173 1327 280 1396 agens
298 1298 447 1387 choros,
470 1303 689 1374 constituens
705 1328 786 1375 mea
1113 1295 1332 1372 ¹Sodalitium
1348 1325 1488 1389 meum,
1511 1307 1698 1390 mulieres,
1719 1329 1808 1401 quas
1824 1331 1866 1377 ex
1880 1306 2044 1378 barbaris

85 1407 206 1491 Sacra,
234 1418 275 1478 ut
289 1406 356 1478 sim
370 1416 478 1476 notus
492 1403 590 1476 Deus
607 1401 825 1480 homiuibus.
1116 1399 1261 1470 Adduxi
1274 1403 1387 1474 socias
1404 1417 1439 1475 et
1454 1409 1600 1480 comites
1616 1404 1717 1491 mihi,

84 1510 240 1582 Primum
257 1533 343 1580 vero
360 1504 504 1578 Thebas
518 1502 625 1579 huius
640 1521 757 1582 terrae
774 1505 1015 1582 Graecanicae
1119 1499 1272 1589 Tollite,
1301 1521 1493 1600 quaesunt
1507 1513 1655 1604 propria
1673 1505 1887 1604 Phrygibus,

85 1613 225 1684 Ululatu
244 1612 431 1703 compleo,
457 1610 610 1681 induens
623 1612 751 1704 pellem
769 1608 926 1702 corpori,
1119 1601 1330 1699 Tympana,
1351 1605 1474 1682 Rheae
1491 1616 1616 1686 matris
1633 1627 1669 1686 et
1685 1637 1764 1684 mea
1780 1614 1955 1704 inventa„

44 1713 84 1790 25
103 1715 147 1788 Et
163 1712 325 1809 thyrsum
341 1716 431 1784 dans
444 1713 483 1781 in
497 1737 626 1786 manus
643 1710 894 1798 hederaceum,
1067 1705 1118 1776 60
1140 1707 1214 1780 Vos
1233 1722 1357 1782 euntes
1375 1712 1466 1786 circa
1484 1710 1578 1787 hanc
1591 1716 1726 1808 regiam
1743 1717 1893 1787 domum

86 1819 173 1912 Quia
197 1841 256 1888 me
287 1841 429 1889 sorores
454 1816 600 1903 matris,
623 1842 713 1912 quas
733 1819 882 1890 minime
906 1836 1013 1905 opor·
1115 1807 1288 1898 Penthei,
1310 1815 1471 1906 pulsate,
1494 1831 1535 1888 ut
1550 1820 1669 1890 videat
1683 1818 1810 1890 Cadmi
1824 1817 1960 1890 civitae.
2065 1901 2074 1910 ,

434 1918 515 2004 tuit,
1114 1909 1192 2004 Ego
1209 1939 1296 1985 vero
1312 1939 1393 1988 cum
1407 1918 1557 1992 Bacchis
1572 1925 1616 1992 ad
1633 1917 1859 1994 Cithaeronis
1875 1921 1957 2012 iuga

84 2023 210 2094 Dicunt
226 2048 303 2094 nou
320 2035 446 2097 natum
463 2045 537 2092 esse
554 2043 596 2092 ex
616 2018 717 2102 love;
1116 2015 1238 2102 Vade,
1259 2017 1323 2089 ubi
1336 2044 1437 2106 sum,
1457 2035 1492 2093 et
1510 2048 1571 2094 ero
1588 2025 1706 2099 socius
1720 2019 1832 2097 chori.

84 2127 145 2198 Sed
159 2126 325 2197 Semelen
340 2147 580 2217 compressam
597 2125 642 2194 ab
657 2119 817 2205 homine,
1118 2119 1215 2190 otor.
1237 2118 1292 2191 Ex
1306 2120 1392 2192 Asia
1407 2123 1580 2198 Tmolum

83 2227 117 2300 ln
133 2229 253 2302 lovem
269 2229 461 2302 contulisse
476 2227 618 2319 culpam
634 2227 762 2318 stupri,
1065 2211 1115 2286 05
1136 2219 1359 2319 Relinquens
1374 2251 1501 2314 curro,
1523 2224 1667 2299 Baccho

46 2333 84 2403 00
102 2333 186 2405 Astu
204 2333 351 2404 Cadmi:
374 2342 524 2424 propter
539 2331 638 2424 quod
652 2329 866 2400 interfecisse
883 2351 962 2398 eam
1112 2321 1265 2394 Gratum
1280 2328 1436 2400 studium
1455 2343 1489 2400 et
1504 2332 1618 2402 levem
1636 2328 1850 2424 laborem⁴),

83 2433 194 2508 lovem
217 2437 441 2529 gloriantur,
480 2431 565 2527 quia
589 2432 747 2504 finxisset
767 2428 863 2504 bunc
884 2455 1013 2502 concu·
1114 2422 1296 2498 Bacchum
1312 2431 1495 2506 celebrans
1509 2433 1641 2508 Deum.

431 2535 561 2607 bitum.
1113 2527 1204 2621 Quis
1219 2529 1258 2598 in
1274 2529 1358 2602 via?

84 2637 159 2712 ldeo
175 2664 274 2712 nunc
289 2639 384 2732 ipsas
402 2637 523 2731 expuli
537 2661 556 2708 e
572 2637 681 2707 domo
1115 2630 1206 2724 Quis
1219 2632 1258 2702 in
1274 2633 1399 2707 atriis?
1421 2640 1523 2709 cedat
1536 2639 1630 2723 loco,

83 2743 146 2814 Per
166 2745 349 2828 furorem,
375 2755 515 2812 montes
538 2763 634 2810 nune
659 2734 864 2811 inhabitant
889 2761 1012 2810 versae
1064 2729 1114 2802 70
1138 2733 1186 2804 Et
1200 2739 1445 2834 unusquisque
1460 2740 1716 2838 sanctificet),
1742 2761 1782 2808 os
1794 2730 2007 2806 benedicens

436 2843 475 2912 in
491 2844 672 2926 furorem
1114 2835 1292 2928 Legitimo
1308 2840 1392 2912 ritu.

85 2947 185 3042 Coegi
230 2971 319 3018 vero
365 2970 425 3018 cas
462 2941 596 3016 habere
637 2956 805 3016 ornatum
847 2965 1011 3012 meorum
1115 2939 1265 3032 Semper
1282 2945 1468 3014 celebrabo
1484 2945 1699 3040 Dionysium
1708 2942 1753 3038 θ).

435 3071 634 3132 sacrorum,

45 3147 82 3222 00
120 3152 165 3226 Et
196 3166 317 3225 totum
349 3175 473 3225 sexum
506 3150 701 3221 femineum
736 3148 1011 3230 Cadmaeorum,
1411 3110 1617 3211 [Slflll’l‘
1650 3109 1706 3210 1·]

431 3253 603 3349 quicquid
1114 3247 1148 3318 Ο
1161 3247 1264 3332 felix,
1285 3248 1489 3345 quicunque
1504 3253 1628 3324 beatus
1643 3271 1743 3324 sacra
1761 3247 1923 3320 Deorum

82 3357 140 3431 Est
153 3359 369 3442 mulierum,
393 3357 512 3450 expuli
526 3358 649 3426 furore
667 3379 710 3426 ex
726 3354 884 3426 aedibus.
1113 3350 1255 3434 Sciens,
1281 3352 1446 3444 purificat
1464 3355 1590 3439 vitam,
1705 3433 1712 3447 Ι

81 3460 186 3535 Simul
203 3485 292 3534 vero
308 3460 450 3532 filiabus
466 3459 594 3530 Cadmi
607 3459 739 3530 mixtae
747 3457 780 3554 ⁸)
1065 3451 1113 3525 75
1135 3453 1181 3522 Et
1196 3467 1379 3524 consecrat
1396 3456 1568 3543 animam,

81 3563 334 3638 Viridibussub
349 3563 524 3634 abietibus
539 3565 664 3634 sedent
682 3561 720 3630 in
738 3561 882 3632 excelsis
894 3559 998 3633 saxis.
1113 3554 1154 3626 ln
1167 3557 1350 3628 montibus
1365 3555 1543 3632 bacchans

81 3665 226 3762 Oportet
256 3666 353 3738 enim
388 3665 570 3736 civitatem
603 3660 697 3736 hanc
729 3663 902 3756 experiri,
946 3662 1012 3735 etsi
1112 3658 1231 3730 Sacris
1249 3661 1536 3751 purgationibus,

432 3769 537 3852 nolit,
1112 3757 1160 3831 Et
1174 3764 1301 3834 matris
1322 3787 1473 3856 magnae

44 3866 83 3940 40
102 3869 298 3945 immunem
317 3872 524 3944 existentem
542 3893 703 3942 meorum
719 3891 917 3952 sacrorum,
972 3869 973 3874 ’
1113 3864 1227 3956 Orgia
1244 3863 1376 3948 colens,

83 3973 137 4046 Me
151 3979 281 4048 afferre
297 3976 541 4047 defensionem
557 3997 624 4067 pro
642 3985 770 4057 matre,
1062 3973 1112 4042 80
1133 3963 1386 4060 Thyrsumque
1405 3966 1580 4060 quatiens.

83 4075 150 4170 Qui
164 4079 264 4154 Deus
277 4079 391 4150 factus
407 4103 507 4161 sum,
531 4099 638 4172 quem
653 4075 731 4168 ipsa
751 4072 890 4167 peperit
904 4069 992 4144 lovi.
1112 4068 1160 4138 Et
1171 4065 1302 4139 hedera
1319 4081 1511 4141 coronatus

84 4179 232 4255 Cadmus
247 4181 394 4277 quidem
413 4193 449 4251 et
463 4179 672 4274 dignitatem
692 4189 728 4248 et
742 4175 934 4270 imperium
1114 4171 1326 4265 Dionysium
1342 4171 1438 4245 colit.

82 4281 238 4358 Pentheo
253 4285 401 4356 tradidit
411 4296 498 4356 nato
514 4281 683 4377 exipsius
698 4281 784 4366 filia,
1110 4273 1318 4360 Procedite,
1342 4271 1518 4360 Bacchae,

44 4377 83 4452 45
103 4386 171 4481 Qui
186 4387 278 4480 gerit
290 4389 424 4459 bellum
441 4411 602 4471 mecum,
626 4398 696 4455 eta
711 4382 946 4454 libationibus
1112 4377 1300 4446 Bromium
1315 4376 1454 4464 Deum,
1478 4375 1547 4449 Dei
1561 4375 1687 4458 lilium,

84 4485 230 4583 Depellit
253 4517 330 4576 me,
352 4502 388 4561 ct
409 4513 486 4561 non
506 4485 615 4560 habet
638 4487 856 4558 mentionem
878 4485 950 4556 mci
972 4483 1010 4554 iu
1062 4479 1112 4555 85
1131 4479 1345 4575 Dionysium
1363 4483 1577 4554 deducentes

436 4592 614 4684 precibus.
1111 4579 1346 4678 ExPhrygiis
1359 4586 1540 4658 montibus

82 4690 228 4788 Propter
242 4719 334 4792 quae
349 4696 535 4765 ostendam
550 4697 601 4777 ei,
624 4693 721 4787 quod
736 4690 803 4762 sim
818 4687 927 4774 Deus,
1109 4683 1151 4756 ln
1164 4686 1262 4759 vicos
1279 4688 1370 4762 latos
1385 4689 1572 4770 Graeciae,

82 4791 125 4864 Et
136 4799 268 4870 cunctis
285 4793 487 4879 Thebanis;
508 4796 548 4864 iu
562 4795 669 4864 aliam
686 4817 773 4864 vero
789 4794 986 4884 regionem,
1111 4788 1215 4860 Hunc
1229 4790 1433 4877 Bromium,

83 4893 196 4972 liebus
209 4898 267 4972 hic
281 4901 372 4972 bene
388 4897 618 4992 compositis,
640 4895 814 4979 transibo,

1064 4976 1270 4993 *οι-...ιη-

43 5081 223 5104 “““““””“”
1095 5088 1126 5156 4)
1154 5101 1254 5156 curro,
1284 5092 1388 5143 mecho
1411 5115 1445 5127 -
1469 5085 1615 5155 fetorem]
1644 5087 1687 5138 sto
1713 5085 1799 5138 uate
1827 5083 1919 5147 1000,
1956 5078 2049 5138 10001

70 5195 96 5263 2)
114 5199 251 5254 totrtforis
270 5169 494 5268 Gorpvpdposcl]
520 5194 773 5258 struentibus,
802 5193 895 5254 1000.)
918 5177 1017 5257 Rern,
1130 5157 1766 5294 2:2¹¹‘5³⁸fflffifflffflcfigcffimlfflaef
1792 5155 1927 5206 mmm
1949 5149 2048 5200 ΝΜ

98 5270 214 5336 uragu:
232 5269 423 5333 racemifer-in
450 5269 526 5321 rin:
544 5265 696 5320 racemosls
714 5263 823 5326 tltnrlp.
839 5257 1012 5329 βοτρυώδει).
1096 5297 1115 5348 5
1147 5293 1315 5364 mcum]
1332 5298 1373 5349 ⁵¹⁰
1389 5298 1440 5350 Ed·
1462 5297 1553 5362 ΜΞ
1571 5297 1620 5347 Μ·
1636 5296 1712 5347 m
1730 5293 1910 5346 mamam·

69 5365 96 5433 ³)
120 5371 232 5434 mixtae]
255 5373 297 5425 etc
320 5378 368 5432 (ε
387 5371 482 5434 Ειπίρ.
504 5363 745 5441 ἆναμεμημέναι)
776 5365 861 5418 uate.
892 5366 1011 5432 recent.;
1095 5366 1115 5417 0
1147 5363 1395 5434 murmurasse]
1415 5365 1536 5419 steht.
1556 5363 1826 5432 ermerannus.
1846 5359 1934 5424 tots,
1952 5353 2047 5419 ¹5th

99 5439 178 5492 aare.
198 5441 290 5508 ttae„
311 5441 385 5494 toea.
403 5441 499 5494 mixta.
745 5489 757 5524 x
1131 5435 1216 5490 suet
1235 5438 1354 5490 recent:
1372 5437 1527 5502 Dionyson
1544 5435 1596 5492 eto.
