4682 5814
234 257 312 340 ars
808 227 932 314 rau.
963 239 1077 316 tffll..
1109 237 1314 314 SCRIPTA
1344 237 1682 314 amonentem
2190 244 2271 318 220

234 445 290 502 ter
313 438 487 505 tractare,
516 432 574 492 ut:
627 411 712 514 Χρὴ
736 415 857 499 ξεῖνον
878 410 1064 512 scapiono
1091 413 1225 510 φιλεῖν,
1277 410 1383 482 nobis
1406 415 1681 496 commendent,
1705 411 1780 484 sive
1801 435 1843 484 sa
1864 435 1948 483 vera
1978 411 2053 484 sive
2075 412 2157 482 ficte
2183 413 2274 496 sint,

170 601 173 610 ,
235 531 415 608 ἐθέλοντα
441 520 483 599 di
508 519 674 616 πέμπειν.
1277 509 1368 582 nihil
1392 525 1514 584 tamen
1538 515 1634 586 aliud
1658 540 1767 608 quam
1799 515 2055 606 gratitudinem
2076 515 2123 584 ob
2144 515 2274 586 oculoe

338 675 372 719 v.
397 645 484 718 543.
511 639 635 736 (841.)
691 632 768 710 Τὸν
811 627 853 707 δὲ
900 625 1062 726 μάλιστα
1101 635 1227 704 καλεῖν
1278 611 1335 686 his
1357 639 1559 706 proponere
1583 617 1653 686 viri
1672 619 1852 710 sapientes
1873 617 2075 688 voluerunt.
2135 615 2183 686 Et
2205 617 2276 711 qui

236 733 332 837 dcccc
369 745 481 823 σέθεν
513 738 653 844 ἐγγύθι
681 733 809 838 voitu]
858 737 1040 807 Admonet
1068 734 1225 802 vicinum
1279 719 1411 808 gratias
1432 718 1645 808 pinxerunt,
1674 743 1742 812 pro
1768 743 1841 790 una
1869 715 2008 811 lingunt
2027 719 2188 810 geminas
2212 743 2275 790 re·

235 857 391 930 studiose
412 849 604 919 colendum
627 867 713 914 esse.
767 839 857 909 Cum
881 837 976 906 enim
1002 849 1076 905 tota
1103 847 1227 906 nostra
1279 820 1369 892 dire.
1417 820 1497 890 Una
1520 822 1616 890 enim
1646 823 1727 905 dat,
1744 822 1913 912 geminae
1933 823 2104 894 referunt.

235 960 310 1029 vita
332 957 379 1027 ad
403 951 607 1024 societatem
627 955 834 1036 comparata
855 941 919 1024 sit,
939 961 1048 1008 nemo
1073 937 1228 1029 ignorat,
1382 963 1417 1008 v.
1441 936 1528 1011 353,
1551 935 1672 1037 (551.)
1727 936 1803 1014 Τὸ,
1835 936 2010 1037 φιλέοντα
2034 941 2172 1036 φυάν,
2205 935 2279 1012 καὶ

237 1084 347 1156 quam
370 1059 496 1146 ingens
521 1053 657 1120 honum
681 1047 728 1118 sit
748 1044 884 1114 bonum
907 1037 1039 1110 habere
1057 1041 1226 1111 vicinum.
1278 1043 1334 1135 τῷ·
1358 1041 1440 1133 etc]
1491 1041 1731 1114 Commendat
1757 1044 1861 1113 nobis
1875 1043 2079 1112 ‘amicitiam
2102 1043 2164 1112 illa
2187 1065 2277 1111 sen·

236 1165 311 1237 Nec
333 1171 437 1254 poeta
457 1153 555 1225 hanc
577 1149 789 1224 sententiam
813 1158 947 1214 temere
970 1142 1092 1212 multis
1117 1143 1228 1212 ratio-
1279 1141 1403 1214 tentia.
1454 1139 1529 1212 lam
1553 1169 1634 1214 cum
1656 1146 1824 1215 nonnulli
1845 1145 1936 1216 adeo
1959 1145 2096 1216 morosi
2117 1144 2202 1226 sint,
2229 1156 2278 1214 ut

236 1268 341 1336 nibus
365 1255 616 1351 amplificavit,
642 1251 704 1322 ubi
720 1249 922 1318 vicinorum
940 1258 976 1315 et
990 1257 1225 1335 cognatorum
1279 1244 1386 1336 plane
1416 1241 1636 1316 abhorreant
1655 1271 1674 1316 a
1695 1247 1882 1330 societate,
1912 1260 1945 1318 et
1971 1248 2111 1317 nullum
2131 1247 2278 1316 animal

184 1369 196 1386 ⁶
235 1365 460 1440 sedulitatem
485 1359 523 1428 in
544 1355 697 1446 negotiis
721 1349 895 1422 obeundis
920 1361 956 1416 et
976 1347 1101 1417 officiis
1124 1371 1227 1439 prae·
1279 1347 1428 1438 propius
1451 1343 1600 1418 homine
1623 1351 1669 1418 ad
1693 1350 1792 1420 illam
1814 1352 1977 1434 accedat,
2003 1351 2134 1420 addam
2156 1350 2276 1420 etiarn

161 1495 168 1508 ·
235 1469 372 1544 standis
394 1467 442 1535 ita
470 1463 627 1539 contere,
658 1467 831 1548 utquam
862 1450 1070 1540 longissime
1097 1473 1227 1540 cogna-
1280 1450 1377 1541 quod
1400 1449 1520 1540 plures
1544 1447 1755 1522 nechahere
1777 1476 1842 1523 nec
1859 1453 1975 1522 colere
1990 1450 2167 1544 possimus
2184 1454 2277 1544 (uec

236 1587 310 1656 tos,
333 1571 364 1642 si
386 1563 537 1660 opussit
557 1561 674 1631 alieno
699 1556 853 1638 auxilio,
876 1553 985 1621 vicini
1001 1553 1226 1622 antecellant.
1280 1549 1376 1620 enim
1400 1575 1443 1620 er
1464 1553 1648 1645 quovis⁹¹)
1666 1553 1819 1625 amicitia
1837 1567 1997 1638 constat,
2018 1556 2079 1624 sed
2104 1555 2277 1624 eusimi-

234 1674 275 1746 ld
299 1674 396 1768 quod
420 1682 455 1740 et
469 1665 627 1737 Cassitae
645 1661 817 1752 apologus
834 1655 931 1748 apud
946 1654 990 1727 A.
1010 1655 1166 1725 Gellium
1176 1653 1224 1748 ⁸⁷)
1278 1653 1372 1724 libus
1394 1653 1541 1751 natura)
1564 1667 1659 1726 recte
1675 1655 1851 1732 Hesiodus
1871 1659 2090 1749 praecepisse
2107 1657 2277 1726 iudican-

235 1778 391 1858 indicat,
419 1771 482 1842 uhi
505 1765 648 1858 cognati
671 1759 929 1838 multominus
956 1757 1093 1826 iaciunt
1116 1781 1224 1852 quam
1280 1756 1346 1826 dus
1367 1768 1438 1839 cst,
1461 1781 1541 1828 cum
1562 1757 1740 1856 doceam)
1765 1784 1840 1830 non
1857 1760 2053 1852 quosvigin
2072 1759 2276 1829 amicitiam

237 1879 358 1950 vicini.
424 1873 499 1948 Nec
530 1865 809 1938 Themistoclem
846 1861 956 1952 fugit,
997 1860 1113 1954 quod,
1144 1883 1224 1928 cum
1279 1857 1523 1949 recipiendos,
1553 1871 1588 1929 et
1615 1861 1717 1931 danti
1745 1887 1819 1934 esse
1849 1862 2026 1945 dandum,
2055 1885 2129 1930 non
2154 1863 2276 1945 danti,

237 1981 424 2077 praedium
450 1973 661 2044 venditurus
682 1980 781 2050 erat,
808 1963 914 2034 etiam
936 1958 1007 2032 hoc
1036 1985 1102 2054 per
1123 1985 1227 2053 prae.
1280 1959 1317 2032 id
1340 1970 1410 2043 esp,
1433 1961 1580 2032 sordido
1602 1975 1858 2058 nequaqum.
1889 1961 1938 2033 Et
1958 1987 2176 2058 quamquam
2198 1961 2276 2034 hae

239 2107 365 2156 conem
393 2077 597 2150 addendum
617 2071 775 2156 censuit,
800 2067 897 2162 quod
921 2061 1070 2136 haberet
1091 2065 1227 2134 bonum
1279 2060 1475 2132 sententiae
1498 2064 1606 2153 paulo
1629 2066 1835 2155 gentiliores
1855 2089 1934 2136 cum
1962 2068 2039 2157 ipsa
2066 2067 2142 2155 lege
2163 2079 2278 2136 natu·

238 2187 410 2258 Vicinum·
1279 2187 1340 2232 rae
1365 2187 1525 2254 pugnare
1546 2167 1756 2253 videantur,
1776 2183 1817 2240 ut
1839 2168 1973 2238 indicat
1988 2168 2090 2238 Plato
2113 2168 2153 2236 in
2175 2169 2277 2240 Gor.

353 2329 387 2372 v,
410 2297 498 2372 349,
518 2294 642 2394 (342)
691 2289 746 2364 Εὐ
774 2285 856 2385 μὴ(
874 2285 1095 2384 μετρεῖσθαι
1125 2281 1228 2380 παρὰ
1280 2263 1436 2363 giam),
1467 2279 1587 2338 tamen
1609 2269 1693 2362 quia
1725 2271 1936 2342 beneficium
1960 2283 2012 2342 est
2035 2294 2276 2361 compensan-

129 2385 134 2398 ⁸
238 2400 406 2506 γείτονος
427 2397 513 2498 etc]
548 2396 656 2467 Aliud
680 2405 909 2488 praeceptum
933 2392 977 2460 de
1000 2401 1125 2458 mutuo
1147 2411 1228 2479 per·
1279 2370 1387 2453 dum,
1417 2391 1483 2438 ¹¹0⁶
1505 2394 1630 2440 ⁰m¹¹²⁵
1657 2371 1781 2444 iuvare
1810 2396 2020 2466 possumus,
2047 2373 2186 2442 nemini
2205 2377 2277 2444 du·

237 2509 431 2588 solvendo,
464 2517 501 2572 et
531 2501 662 2570 citatur
694 2493 752 2566 hic
780 2497 879 2565 locus
905 2494 943 2561 in
965 2490 1102 2561 Officiis
1123 2513 1144 2556 a
1170 2489 1229 2560 ci.
1279 2470 1378 2540 bium
1405 2493 1478 2540 esse
1500 2473 1633 2564 poterit
1654 2483 1769 2547 certos
1785 2476 1959 2569 quosdam
1984 2499 2058 2546 esse
2079 2473 2277 2548 iuvandos.

237 2633 388 2692 nerone,
420 2606 482 2676 ubi
513 2604 556 2673 de
580 2598 797 2692 gratitudine
830 2592 1019 2691 scribit⁸⁸).
1070 2589 1159 2662 Item
1189 2591 1228 2660 in
1262 2571 1578 2646 ·N⁰¹¹³¹1le¹¹¹⁸l⁰
1602 2577 1867 2668 ⁰bllssttfl⁵sslis
1891 2573 2277 2671 qulsslhlltleieme·

238 2711 352 2783 Claris
379 2703 665 2799 oratoribusffl)
688 2703 762 2770 iere
787 2700 917 2769 citatur
937 2693 996 2765 bic
1020 2695 1228 2778 versiculus,
1279 2674 1369 2792 {lius
1392 2688 1462 2760 ²⁵¹2
1485 2689 1526 2746 Ul
1551 2678 1720 2771 diligaris
1741 2681 1981 2764 benemerlm,
2010 2679 2094 2773 qula
2118 2693 2276 2752 miuro-

237 2811 461 2886 ubidicitur
490 2810 534 2878 de
562 2805 742 2874 reddenda
768 2799 904 2894 gratia,
933 2822 999 2867 nec
1031 2808 1084 2868 est
1112 2797 1226 2868 ullum
1279 2776 1361 2846 bter
1387 2778 1436 2848 sic
1467 2779 1615 2872 obligati
1634 2807 1776 2866 sumus,
1808 2796 1848 2853 ut
1876 2783 2068 2854 reddamus
2100 2784 2278 2876 officium,

238 2913 421 3008 vulgarius
452 2905 707 3000 ingratitudine
730 2903 858 2974 vitium
883 2902 921 2970 in
943 2913 1020 2969 toto
1048 2899 1156 2981 orbe,
1185 2898 1228 2967 li·
1280 2882 1587 2973 quemadffldum
1612 2895 1648 2952 ei
1665 2883 1926 2958 iureconsultus
1940 2885 1991 2956 all
2007 2885 2160 2978 obligari
2175 2881 2278 2984 πρὸς

239 3031 294 3090 cet
315 3017 414 3087 Deus
443 3009 661 3106 impunitum
694 3031 771 3078 non
801 3007 907 3077 sinat.
953 3003 1046 3074 Nam
1072 3013 1108 3073 et
1126 3001 1228 3071 Salo·
1280 2977 1485 3078 ἀντίδωρα·

239 3145 327 3192 mon
351 3117 454 3190 dicit:
482 3116 567 3188 Non
589 3113 731 3182 recedet
753 3111 889 3186 malum
913 3107 957 3176 de
979 3107 1089 3175 domo
1109 3090 1229 3196 ingra·
1382 3127 1417 3174 v.
1440 3099 1527 3175 356.
1552 3099 1675 3200 (354.)
1716 3100 1802 3188 Διὸς
1820 3101 1969 3204 ἀγαθὴ,
1995 3101 2180 3201 ἅρπαξδὲ
2201 3132 2280 3179 χα-

239 3221 335 3320 tim).
388 3213 466 3318 nd]
491 3221 675 3312 χρονικῶς
697 3213 828 3306 exponi
850 3211 973 3291 debet,
995 3206 1228 3302 quemadmo-
1278 3197 1402 3301 κὴθθ)]
1433 3203 1676 3279 Liberalitatis
1695 3221 1925 3300 praeceptum
1946 3221 2009 3281 est.
2037 3209 2278 3306 Quamquam

238 3329 326 3398 dum
347 3347 454 3415 supra
481 3343 644 3416 quoque;
674 3329 726 3387 est
746 3316 841 3384 enim
871 3311 1095 3386 subiunctiva
1118 3310 1229 3401 parti·
1280 3317 1400 3375 autem
1426 3309 1545 3378 nullae
1567 3311 1660 3401 leges
1686 3323 1813 3400 cogant
1834 3306 2018 3382 hominem
2046 3312 2091 3380 ad
2114 3311 2280 3382 liberali-

238 3429 405 3520 cula,sut
419 3424 465 3493 sit
486 3445 626 3492 sensus:
651 3419 681 3489 si
695 3431 821 3488 mutuo
838 3412 1053 3507 sumpseris,
1076 3410 1227 3481 alterum
1281 3419 1389 3476 tatem
1411 3415 1685 3500 praestandam,
1707 3413 1783 3504 ipsa
1807 3425 1926 3482 tamen
1948 3407 2154 3484 humanitas
2177 3415 2281 3484 ohti-

239 3521 281 3603 εὗ
315 3528 497 3598 abundare
527 3523 682 3592 videtur.
743 3517 837 3590 Nam
854 3515 918 3584 ·ita
951 3515 1067 3584 solent
1099 3512 1229 3582 iterare
1280 3523 1342 3580 net
1369 3522 1403 3579 et
1432 3513 1528 3605 cogit
1552 3539 1638 3599 nos,
1670 3527 1712 3586 nt
1741 3503 2006 3588 benefaciamus
2037 3515 2141 3586 bonis
2169 3515 2280 3603 viris,

238 3629 305 3703 has
341 3627 556 3724 particulas,
581 3635 623 3693 ut
650 3619 830 3689 Homerus
864 3639 1019 3713 quoque.
1164 3639 1229 3707 με-
1282 3623 1317 3680 ε1
1339 3637 1565 3686 communem
1590 3617 1794 3688 societatem
1818 3617 1990 3689 iuvemus.
2037 3617 2280 3712 Quapropter

238 3725 435 3832 τρεῖσθαι]
480 3725 618 3820 passive
658 3722 929 3816 exponendum,
985 3727 1052 3812 pro
1090 3715 1229 3786 dimen-
1281 3727 1316 3783 et
1349 3739 1429 3795 cum
1463 3717 1594 3788 virtute
1625 3719 1673 3788 ita
1708 3733 1953 3812 comparatum
1990 3745 2064 3790 esse
2093 3721 2279 3807 videmus,

237 3862 317 3912 sum
345 3831 524 3926 accipere,
553 3827 610 3898 vel
637 3839 764 3898 mutuo
797 3823 975 3914 accipere,
1009 3821 1056 3888 du
1079 3821 1148 3890 solt
1173 3820 1229 3889 dir
1281 3827 1321 3886 ut
1348 3817 1435 3887 boni
1467 3818 1555 3904 viri,
1587 3820 1727 3892 etiamsi
1757 3823 1869 3893 multa
1900 3822 2122 3894 liberalitatis
2151 3826 2278 3896 officia

240 3941 316 4012 wol
351 3940 467 4009 lassen
504 3954 654 4005 messan.
721 3925 903 4024 Suidasw)
944 3923 1031 3993 dicit
1068 3923 1229 4020 μετρεῖν,
1281 3932 1481 4010 praestent,
1502 3947 1643 4016 semper
1671 3937 1793 3994 tamna
1815 3924 1899 3995 laeti
1922 3939 1956 3994 et
1973 3921 2103 3996 hilares
2128 3925 2278 4024 sint”).

239 4067 315 4112 non
352 4053 493 4112 tanturn
525 4057 732 4108 mensurare
770 4030 828 4100 vel
857 4041 983 4100 mutuo
1019 4027 1126 4110 dare,
1168 4027 1228 4095 sed
1282 4019 1416 4094 Contra
1441 4025 1544 4111 mali,
1573 4027 1710 4098 etiamsi
1740 4027 1852 4098 multa
1881 4024 2053 4112 habeant,
2080 4053 2279 4124 nunquam

167 4153 171 4161 '
241 4141 349 4214 etiam
386 4154 513 4210 mutuo
548 4131 706 4230 accipere
745 4133 954 4226 significare.
1013 4127 1130 4200 Docet
1167 4151 1228 4198 au·
1282 4135 1402 4195 tamen
1434 4128 1666 4224 tranquillam
1700 4142 1735 4200 et
1763 4143 1927 4222 pacatam
1958 4130 2213 4202 conscientiam
2254 4161 2278 4205 a

239 4259 311 4336 tem
343 4254 471 4311 natura
505 4241 581 4332 ipsa
610 4239 885 4328 gratitudinem,
919 4245 954 4302 et
985 4232 1046 4300 illa
1078 4231 1136 4300 lex
1165 4254 1229 4298 na·
1280 4227 1382 4299 iuriis
1405 4230 1610 4315 obtineant,
1640 4244 1681 4302 ut
1702 4233 1759 4302 vel
1782 4229 1851 4302 hoc
1879 4234 2028 4304 nomine
2056 4235 2279 4308 doceremur

241 4344 367 4416 turalis
412 4365 496 4410 vere
541 4339 663 4408 divina
707 4351 778 4419 est,
839 4333 978 4405 etiamsi
1019 4355 1092 4402 non
1139 4344 1229 4402 esset
1280 4328 1529 4402 liberalitatem
1561 4335 1708 4427 plurimi
1741 4359 1814 4406 esse
1845 4335 2066 4420 faciendam,
2092 4359 2166 4406 non
2193 4349 2278 4410 tam

241 4443 473 4542 praescripta.
506 4455 510 4464 '
541 4441 588 4512 Et
619 4465 698 4510 cum
733 4439 829 4507 nulla
864 4450 938 4506 tam
968 4435 1135 4504 immanis
1168 4437 1228 4523 be·
1281 4433 1435 4503 aliorum
1454 4459 1578 4520 causa,
1602 4461 1756 4531 quorum
1782 4420 1943 4530 inopiam
1966 4451 2088 4510 nostra
2110 4439 2278 4511 liberali-

241 4555 300 4622 lua
342 4547 406 4634 sit,
453 4545 492 4616 iu
529 4567 598 4641 qua
633 4565 709 4612 non
746 4541 792 4612 sit
825 4563 948 4610 sensus
983 4536 1229 4630 gratitudinis,
1280 4547 1352 4604 tate
1368 4537 1605 4623 sublevamus,
1623 4564 1730 4633 qnam
1746 4553 2033 4634 nostraquoque,
2047 4543 2141 4635 quod
2155 4542 2277 4614 animi

242 4653 497 4747 praestandum
520 4660 573 4718 est
595 4644 767 4728 maxime,
801 4655 842 4714 ut
861 4667 927 4712 nec
953 4635 1064 4710 homo
1097 4640 1140 4709 ab
1161 4635 1230 4710 hac
1281 4639 1579 4734 tranquillitatem
1603 4643 1707 4712 istinc
1731 4643 1951 4736 concipimus
1975 4657 2010 4714 et
2031 4643 2279 4738 possidemus.

184 4823 187 4831 .
240 4757 286 4828 sit
312 4755 460 4826 alienus.
512 4751 610 4847 Quid
633 4747 728 4818 enirn
753 4746 851 4817 aliud
874 4744 1088 4818 sibinolunt
1112 4766 1229 4814 exem·
1704 4737 1706 4744 '

240 4859 300 4950 Pla
328 4857 443 4928 lss⁰¹¹l⁵
475 4868 510 4924 et
536 4851 722 4935 dr³⁶⁰ni³t
760 4875 866 4946 quam
896 4861 938 4920 ui
972 4845 1225 4942 gratitudinem
1315 4911 1364 4977 91)
1384 4909 1494 4977 quovis]
1513 4911 1563 4963 uo.
1584 4909 1659 4962 11111.
1677 4909 1708 4960 F.
1727 4911 1969 4974 errorctypogr.=
1991 4909 2114 4972 quosvis.

243 5031 448 5050 -····-·-
1316 4996 1365 5062 sa)
1384 4995 1493 5062 doceat]
1519 4997 1561 5046 sto
1583 4995 1667 5047 utut.
1694 4995 1785 5058 lm,
1818 4995 1906 5061 1911,
1935 4995 2027 5060 lotz,
2060 4997 2277 5062 tout-1662.;

172 5089 175 5096 “
1353 5066 1437 5117 911111.
1454 5065 1546 5130 lotz,
1565 5064 1753 5114 1991-1591.
1774 5065 1862 5117 docet.

278 5123 329 5183 ⁸⁷)
347 5120 417 5218 effu·
435 5121 513 5198 ⁸9⁰&
533 5123 588 5174 m·
607 5121 641 5185 ¹¹⁹
657 5119 701 5173 ῃ·
1315 5149 1382 5216 stc)
1406 5151 1476 5202 Ptttt.
1495 5153 1581 5209 Gorg.
1598 5149 1683 5211 (opp.
1699 5149 1750 5200 Ed.
1770 5149 1863 5212 steph.
1881 5151 1911 5202 Τ.
1929 5151 1950 5204 Ι.
1970 5163 1995 5214 p.
2008 5149 2061 5202 179
2072 5163 2131 5215 sqq.
2148 5171 2184 5189 -·
2220 5155 2277 5204 Ed.

279 5211 329 5267 ss)
348 5207 404 5258 cre.
422 5206 500 5259 ome.
519 5206 541 5271 1,
561 5207 604 5271 ¹5,
622 5207 667 5258 ⁴⁸·
1350 5221 1457 5283 sipont.
1477 5219 1540 5271 vn.
1552 5219 1601 5269 1v.
1620 5219 1693 5281 12.ss
1709 5221 1794 5280 sqq).
2008 5227 2012 5234 ·

278 5295 348 5353 88⁸)
364 5291 420 5344 0¹⁰·
439 5291 539 5342 Brutus
556 5292 584 5356 ⁴2
604 5290 646 5342 ¹⁶·
967 5339 973 5370 ,
1315 5305 1365 5365 99)
1384 5301 1465 5373 κηρὶ]
1485 5305 1534 5356 ut.
1552 5303 1627 5357 rost.
1648 5303 1674 5354 tu
1691 5303 1743 5356 hoc
1761 5319 1857 5358 comm.
1876 5317 1973 5359 crrore
1990 5309 2116 5373 typogea
2134 5307 2209 5358 suat.

275 5375 551 5452 99)1’τον.17,13.
1315 5391 1364 5457 94)
1384 5389 1452 5457 sint]
1480 5390 1520 5441 sto
1545 5402 1639 5441 omnes
1669 5389 1735 5441 tttsc
1757 5391 1840 5443 notu.
1865 5393 1988 5458 exceptis
2016 5393 2097 5443 ratu.
2124 5391 2199 5443 1541.
2227 5391 2275 5456 lt,

276 5463 326 5530 99)
346 5465 446 5517 suidas
463 5475 488 5516 s.
507 5475 534 5516 v.
550 5455 688 5528 utram
707 5465 778 5516 buno
796 5477 906 5519 versum
926 5465 1039 5517 ttestodt
1056 5464 1159 5516 tendat.
1355 5460 1446 5524 tm,
1464 5471 1533 5523 quse
1551 5461 1664 5512 habeut:
1682 5462 1757 5510 sunt
