4570 5802
25 215 86 286 ita

67 380 272 453 Sollicitudo
291 392 326 448 te
339 373 502 472 hahet”)
520 402 586 470 pro
602 377 737 471 isicii).

67 491 122 559 Or.
154 484 244 577 Quis
268 482 455 552 interficiet
478 506 555 564 me,
598 495 634 552 et
665 477 753 552 haec
775 481 913 550 atrocia
937 505 1000 552 au·
1025 516 1029 593 p

417 581 537 654 debit?
1025 596 1028 628 ¹

64 697 132 784 ipi.
155 689 250 782 Ego;
275 683 381 758 huius
398 687 493 757 enirn
502 685 600 757 Deae
618 686 854 778 expiationem
872 682 999 757 habeo.

20 795 21 800 ἵ
67 801 121 870 Or.
148 792 357 884 Indignam,
384 790 631 873 oiuvencula,
658 802 694 859 et
708 789 845 861 tristem
861 813 951 860 rern.
981 781 986 793 ’

22 902 85 974 620
109 900 181 988 ipa.
212 893 385 964 Venimus
413 889 573 963 iubanc
599 893 865 976 necessitatem,
909 907 1028 986 quaet

424 1008 527 1065 antea
546 998 662 1068 lucrat
678 997 846 1066 cavenda.

64 1108 118 1176 Or.
145 1100 223 1208 Tui
249 1123 329 1170 cum
344 1099 391 1170 sis
410 1099 568 1184 femella,
594 1123 675 1170 ense
690 1111 826 1168 mactas
841 1093 982 1168 marea?

62 1209 131 1296 lpb.
159 1203 264 1284 Non;
291 1204 351 1275 sed
368 1202 498 1271 lavabo
516 1215 613 1273 tuam
630 1227 783 1273 comam.

64 1313 119 1380 Or.
145 1306 216 1376 Sed
237 1305 318 1400 quis
343 1316 395 1376 est
416 1305 615 1374 mactator?
641 1305 671 1376 si
694 1304 776 1376 licet
797 1298 867 1372 boc
891 1301 999 1370 inter·

415 1431 555 1500 rogare.

19 1529 20 1602 j
63 1514 132 1601 lpl.
159 1508 255 1580 lntra
273 1506 366 1578 hanc
382 1511 529 1579 domum
546 1521 650 1593 sunt,
682 1507 745 1602 qui
758 1503 847 1576 baec
861 1516 999 1576 curant.

27 1611 85 1688 aab
110 1618 167 1685 Or.
185 1613 300 1706 Quale
314 1607 541 1703 sepulchrum
558 1610 708 1704 accipiet
721 1633 777 1680 me
794 1605 1000 1680 nioriuum?

65 1719 132 1806 lpb.
166 1715 275 1786 Sacer
303 1715 395 1806 ignis
419 1715 536 1798 intus,
578 1729 613 1786 et
642 1715 850 1783 tenebrosus
881 1698 1000 1780 hiatus

1024 1266 1027 1339 i

19 1885 20 1904 p
417 1817 561 1890 soriti.

68 1929 119 1995 llr.
152 1921 233 1992 Heu
262 1921 445 2015 quomodo
476 1820 549 1990 me)
564 1921 698 1992 sororis
729 1942 856 1988 manus
883 1929 1002 1986 tumu-

19 2031 20 2100 ζ
423 2022 591 2117 iabic⁸¹)?

19 2117 21 2158 ³
65 2131 132 2215 ipb.
156 2124 267 2196 lnane
283 2137 421 2210 votum,
439 2150 461 2194 o
476 2126 596 2209 miser,
615 2125 774 2220 quisquis
791 2123 934 2193 tandem
953 2145 1001 2204 es,

19 2257 20 2324 3
64 2228 203 2309 Fecisti3
240 2224 379 2299 habitat
401 2228 496 2298 enim
520 2241 581 2299 tua
605 2251 708 2299 soror
732 2227 920 2320 proculab
935 2219 1000 2294 hac

19 2407 20 2430 χ
418 2331 573 2402 barbara
596 2344 703 2402 terra.

19 2433 87 2528 ito
109 2433 241 2504 Verum
258 2433 343 2529 quia
356 2433 511 2526 Argivus
532 2458 585 2517 es,
603 2515 608 2524 ,

19 2609 20 2624 ,
68 2537 244 2628 Quantum
261 2535 429 2630 possibile
448 2550 518 2621 esi,
545 2560 620 2605 non
643 2533 807 2604 omittam
825 2529 999 2600 officinm:

19 2631 20 2726 l
68 2640 194 2710 Ponam
215 2653 386 2710 ornatum
406 2640 470 2708 tibi
487 2641 533 2709 ad
549 2639 748 2720 tumulum,

67 2740 106 2810 Et
119 2757 314 2812 montanae
330 2742 474 2814 delicias
490 2768 532 2811 er
548 2741 696 2812 floribus
711 2734 878 2830 lactasffi)

19 2885 21 2896 ι
68 2843 184 2917 llavae
201 2845 283 2940 apis
299 2843 458 2914 iniicianr
473 2845 512 2914 in
530 2857 631 2916 tuurn
648 2866 788 2932 rogum.

223 3103 246 3137 θ

55 3166 93 3227 w)
107 3171 133 3219 te
155 3168 256 3230 babet]
279 3165 321 3216 sio
344 3164 447 3228 scripsi
473 3168 520 3226 (=
537 3162 631 3227 Eorip.
655 3175 686 3214 σε
705 3195 714 3210 .
733 3196 741 3210 .
759 3158 878 3226 ἔχουσα,
914 3156 998 3209 adiit.

81 3239 190 3289 recent:
213 3240 247 3288 te
264 3232 371 3301 tenet);
395 3234 446 3286 sd.
464 3234 541 3287 1662.
559 3233 641 3284 babet
657 3232 774 3293 (omisso
793 3231 845 3288 te).

226 278 228 284 .
316 201 439 278 LXIV.
490 201 889 279 INTERPRETATIO
912 203 1152 308 EQRlPlDIS
1178 204 1452 278 lPHlGENlAE
1478 203 1527 278 IN
1554 203 1741 316 Tauriis,

1024 373 1033 451 l
1053 376 1127 451 635
1151 379 1219 448 Sed
1236 379 1385 474 vadoii)
1396 349 1421 462 ,ἱ
1433 392 1467 447 et
1480 379 1614 464 litteras
1631 405 1672 450 ex
1688 381 1814 450 sacello
1829 379 1926 448 Deae

1952 205 2047 340 tm
2152 229 2154 232 ·

1103 467 1279 562 Portab03
1322 507 1394 551 non
1421 477 1663 571 deprehendes
1693 509 1749 552 me
1780 484 1843 552 tibi
1875 483 2038 551 infestam

1465 609 1549 653 esse.

1103 686 1278 771 Ministri‚
1304 687 1477 756 custodite
1494 711 1554 756 eos
1570 687 1644 756 sine
1661 687 1821 758 vinculis.

1102 789 1266 860 Fortasse
1283 789 1461 880 insperata
1479 789 1567 858 meis
1586 788 1708 858 cimicis

1104 893 1245 960 Mittam
1263 894 1307 960 ad
1325 895 1458 982 Argos,
1486 916 1576 984 quos
1593 891 1745 960 maxime
1762 915 1826 980 ego
1844 916 1937 960 amo.

1052 993 1126 1065 tio
1151 993 1433 1086 Etlitterae'rllis
1454 993 1597 1077 vivere,
1628 1019 1719 1089 qnos
1744 1007 1905 1062 mortuos
1931 994 2043 1062 credi·

1467 1098 1616 1179 derunt,

1024 1167 1027 1263 l
1103 1199 1366 1291 significantes,
1414 1200 1638 1270 incredibiles
1669 1200 1867 1291 voluptates
1899 1199 2042 1270 nuntia-

1459 1304 1551 1372 bunt
1561 1301 1621 1399 ⁸⁴).

1231 1559 1235 1566 ι
1398 1448 1613 1549 [Stropbe
1640 1447 1700 1548 1.]

1106 1591 1204 1660 (litor.
1232 1587 1392 1680 Deploro
1413 1603 1447 1658 te
1503 1581 1504 1596 ¹

1104 1692 1222 1760 linitis
1240 1693 1467 1762 lavacrorum

1103 1793 1270 1863 Debitum
1288 1795 1454 1865 cruentis.

1054 1893 1128 1968 eia
1156 1901 1215 1968 Or.
1251 1885 1347 1966 Haec
1370 1898 1514 1998 quidem
1539 1865 1612 1966 non
1637 1895 1858 1978 miseranda,
1900 1895 1961 1964 sed
1986 1915 2046 1972 va-

1464 2002 1552 2082 lete,
1580 2024 1601 2068 o
1620 2000 1840 2091 peregrinae.

1395 2165 1613 2266 [Siropbe
1638 2163 1704 2264 2.]

1106 2307 1203 2382 Ultor.
1231 2301 1284 2372 Te
1303 2289 1421 2375 autern
1439 2317 1589 2398 propter
1604 2305 1805 2384 loctunam,
1847 2331 1851 2340 ·

1104 2405 1137 2474 Ο
1154 2406 1377 2492 adolescens,

1103 2508 1373 2592 Praedicarnus,
1401 2512 1498 2602 qnod
1514 2510 1551 2578 in
1567 2509 1719 2600 patriam

1103 2611 1297 2681 llerliiurus
1314 2612 1373 2683 sis.

1052 2711 1126 2805 650
1153 2717 1229 2806 Pyt.
1249 2715 1471 2805 Fugieudurn
1489 2711 1556 2782 lroc
1572 2713 1708 2796 amicis,
1726 2710 1902 2780 moriente
1918 2707 2044 2775 tainica.
2078 2749 2088 2774 ι

1395 2878 1612 2980 [Siroplce
1638 2878 1704 2979 3.]

1101 3021 1198 3089 libor.
1223 3018 1256 3086 Ο
1273 3018 1517 3088 miserandum
1536 3019 1758 3087 comitatum.
1787 3075 1789 3080 ,
1868 3051 1871 3058 ·

1102 3119 1180 3189 Heu
1197 3121 1345 3211 periisti.

1103 3223 1190 3290 Uter
1206 3236 1258 3292 est
1274 3221 1563 3293 interficiendus?

54 3328 998 3403 tiiipb.0veluntatem-isto.(vs.ti⁰9-616.)]siciid.1562.;
1050 3321 1125 3394 655
1150 3321 1276 3394 Adhuc
1292 3351 1393 3396 mens
1410 3327 1514 3417 gestit
1533 3322 1699 3413 ambigue

80 3409 420 3541 Eiiiplfiigpofflmdm
438 3472 582 3536 eximiam,
600 3471 632 3521 ut
648 3479 666 3520 a
682 3478 818 3532 generosa
836 3468 952 3532 quadam

106 3544 203 3596 Badice
219 3545 308 3594 natus
327 3555 374 3608 es,
392 3545 421 3592 et
438 3541 533 3592 aspicis
552 3541 660 3604 integer
678 3537 799 3603 amicus,

107 3615 212 3666 Utinam
228 3613 299 3663 talis
316 3611 354 3661 sit
370 3625 405 3661 ex
422 3611 490 3660 meis
511 3607 667 3674 germanis,

110 3685 157 3746 oui
173 3682 321 3747 superstes
337 3683 391 3733 est.
425 3680 535 3730 Etenim
551 3690 640 3740 neque
657 3685 726 3738 ego,
755 3685 771 3722 o
789 3673 928 3738 hospites,

19 3789 20 3798 .
108 3755 213 3818 Absque
230 3751 325 3802 tratre
341 3763 419 3815 sura,
443 3747 496 3798 uisi
514 3750 649 3810 quatenus
667 3753 856 3794 concernens
873 3743 970 3806 ipsum.

19 3827 20 3846 ³
110 3821 307 3885 sedquoniam
325 3818 371 3868 vis
387 3818 468 3880 baec,
492 3818 564 3866 bunc
580 3815 721 3864 mittamus

19 3883 21 3894 '
109 3890 258 3951 epistolam
276 3889 428 3949 terentem
451 3887 482 3936 tu
498 3895 567 3935 vero
585 3883 714 3935 moriare.
747 3879 995 3943 macaronesum

108 3959 243 4010 alacritas
262 3963 291 4010 te
308 3958 389 4008 buius
406 3955 447 4005 rei
467 3955 556 4004 habet.

53 4053 91 4118 ω)
108 4061 138 4113 ii.
156 4062 174 4116 i.
192 4061 374 4114 inaurata.
399 4061 466 4110 nota
483 4069 589 4120 marg.:
617 4055 689 4106 Vide
707 4051 857 4103 Diodorum
874 4049 994 4104 'ionium

80 4126 119 4181 iib.
131 4130 172 4181 2⁰.
190 4131 222 4181 de
240 4130 353 4181 Saturni
372 4127 470 4180 sacris.
495 4127 591 4188 [iiiod.
610 4125 666 4178 lic.
680 4123 745 4187 XX,
764 4121 829 4180 16].

54 4225 238 4348 11]ᾱον..9ιιίε
257 4257 293 4270 -
310 4233 461 4282 tumulabit.
489 4235 548 4292 (vs.
559 4229 650 4281 617-
661 4227 752 4286 6270]
772 4224 812 4275 sio
829 4225 880 4278 Ed
899 4225 993 4290 1662.;

107 4303 300 4423 dd.⁰bi8adtabit
318 4382 385 4420 vero
403 4371 464 4432 quis
482 4363 547 4422 roei
571 4371 600 4418 et
612 4365 712 4431 gravia
728 4363 784 4414 ista
801 4359 991 4426 perpetrabit?

107 4439 165 4502 ipb.
184 4443 260 4504 Εκιις
289 4439 364 4489 Deae
382 4439 453 4489 enim
471 4441 549 4489 liuius
567 4439 669 4488 cuitnm
688 4436 783 4485 babeo.

108 4509 151 4559 or.
169 4510 325 4571 invidiose,
349 4509 491 4570 opueiia,
522 4511 549 4558 et
566 4505 725 4556 infeliciter.
773 4553 784 4576 ἱ
1013 4479 1017 4561 Ι

107 4574 165 4638 ipis.
181 4577 285 4628 Verum
302 4577 329 4627 in
347 4577 516 4658 necessitate
535 4575 831 4636 constituissemus,
851 4582 920 4636 qaae
940 4585 988 4622 ou-
1013 4570 1015 4589 '

107 4709 150 4761 tir.
167 4714 235 4776 ipse·
247 4686 340 4780 gladio
357 4644 596 4764 midiiebiiiier
614 4703 715 4761 virosi

107 4777 162 4842 ipa.
179 4783 256 4846 nom
281 4785 332 4834 sed
350 4785 441 4834 onnes
458 4788 520 4834 tuos
539 4780 716 4834 circumcirca
732 4776 831 4830 imbuo.

106 4847 150 4902 llr.
173 4853 228 4903 sed
250 4853 311 4918 ipse
334 4855 469 4905 mactator
492 4844 576 4915 quisi
610 4851 635 4900 si
665 4851 732 4898 baec
758 4849 916 4909 percontari
943 4861 986 4900 me
1009 4856 1012 4902 i

105 4983 161 5048 lab.
176 4989 207 5040 in
223 4991 284 5043 istis
302 4923 605 5050 aedibusaiiilildlseuiib
624 4987 720 5060 qptbus
734 4995 816 5034 carae
830 4986 895 5033 suut
908 4984 984 5036 bace.
1007 4910 1012 5037 l

105 5053 149 5106 01·-
171 5061 347 5124 Sepulchrum
364 5073 432 5112 vero
450 5059 530 5122 qiiaie
554 5057 672 5118 excipiet
696 5066 757 5118 me,
790 5051 835 5103 ubi
858 5057 982 5104 mortuus
1007 5064 1010 5101 i

104 5187 247 5311 gal-{guis
266 5121 503 5260 mestusibibii
520 5197 548 5246 et
565 5193 657 5244 biatus
674 5191 849 5244 tenebrosius
866 5195 972 5256 petrae.
1003 5111 1009 5318 'i

104 5265 294 5386 liubmdddl'ne
313 5333 422 5386 sororis
440 5342 538 5382 manus
556 5333 659 5383 circam
676 5321 841 5380 ornaverit?
1001 5321 1006 5482 ἱ

49 5410 84 5480 ³²)
101 5423 128 5472 ii.
145 5427 161 5482 Ι.
179 5431 204 5483 in
219 5435 266 5486 mi.
289 5437 362 5492 1662.
381 5438 447 5488 nota
464 5445 568 5500 marna
593 5432 621 5484 id
640 5436 701 5500 est,
725 5434 789 5484 nei.

1100 3428 1133 3504 Τ
1134 3452 1153 3495 e
1167 3453 1230 3510 nc,
1256 3453 1301 3498 an
1317 3442 1352 3499 te
1368 3429 1468 3520 prins
1485 3430 1613 3520 lugebo
1622 3423 1694 3520 ”li

1049 3587 1254 3600 ..ι-Μ

1082 3667 1132 3727 66)
1148 3667 1235 3726 vado]
1259 3666 1300 3715 sic
1316 3665 1417 3727 scripsi
1436 3663 1485 3731 (=
1501 3665 1594 3726 Eurip.
1615 3651 1688 3728 cinq
1718 3661 1818 3724 barn,
1837 3657 1959 3720 ursega:
1985 3653 2039 3717 ibo,

1115 3737 1191 3788 rin:
1216 3736 1347 3799 vadam);
1370 3735 1421 3784 Ed.
1439 3734 1515 3785 1562.
1533 3734 1614 3782 vade.

1080 3822 1130 3881 34)
1148 3821 1212 3886 ipb.
1229 3819 1314 3868 inane
1326 3843 1356 3855 -·
1367 3818 1539 3870 nuntiabunt
1559 3811 1818 3876 (vam-6410]
1838 3809 1879 3857 sio
1887 3808 1937 3856 Ed.
1947 3805 2040 3866 1662.;

1149 3957 1211 4022 ipis.
1229 3956 1325 4006 vanas
1344 3965 1457 4016 preces,
1476 3965 1492 4003 o
1510 3953 1613 4014 miser,
1631 3950 1782 4013 quicunque
1799 3945 1909 3996 madere
1926 3942 1984 4006 sis,

1149 4027 1281 4076 Prceatus
1300 4037 1345 4086 es3
1369 4024 1462 4084 procui
1482 4021 1553 4072 enim
1570 4033 1588 4072 a
1607 4021 1725 4071 barbara
1740 4015 1845 4066 habitat
1862 4016 1946 4064 terra.
1973 4059 1978 4068 ,

1148 4096 1254 4146 Verum
1271 4093 1414 4156 postquam
1431 4091 1530 4142 existis
1546 4091 1679 4156 Argivus,

1147 4165 1250 4214 Temen
1266 4163 1377 4212 iliarum
1394 4173 1503 4224 rerum,
1530 4172 1643 4224 quarum
1662 4155 1794 4221 possibile
1812 4159 1872 4215 est,
1897 4149 2035 4202 intermit-

1454 4233 1510 4280 tam
1528 4230 1656 4280 cilicium.
1973 4257 1978 4268 .

1146 4307 1276 4367 Magnam
1293 4301 1363 4353 enirn
1382 4303 1428 4350 tiro
1447 4302 1573 4351 ornatum
1591 4297 1689 4348 addam
1706 4295 1819 4345 tumulo.

1145 4375 1183 4424 st
1200 4375 1345 4424 portame
1361 4370 1488 4422 floridum
1506 4370 1642 4432 iiqoorem

1144 4443 1250 4494 liiavae
1266 4442 1326 4504 apis
1344 4439 1372 4490 in
1389 4441 1479 4504 ignem
1495 4438 1636 4489 infundam
1657 4439 1740 4487 tuam.

1145 4513 1200 4563 Seri
1218 4523 1266 4576 eo,
1293 4513 1321 4560 et
1337 4511 1458 4560 tabulam
1476 4523 1511 4560 ex
1528 4509 1602 4558 Deae
1619 4507 1714 4571 adytis

1142 4581 1282 4645 Aderam
1305 4583 1380 4630 certe
1397 4579 1563 4630 malevolum
1580 4591 1615 4628 ne
1632 4575 1696 4627 milri
1713 4571 1840 4634 accipias.

1143 4653 1261 4701 Servate
1278 4649 1372 4714 ipsos,
1399 4647 1545 4711 aremuli,
1574 4649 1676 4708 absque
1694 4642 1819 4691 vinc-niis.

1141 4721 1279 4770 Fortasse
1294 4719 1438 4781 insperata
1455 4715 1537 4766 aiicui
1556 4727 1675 4765 meorum
1695 4711 1843 4760 stoicorum

1140 4789 1248 4840 Mittam
1266 4791 1373 4852 Argos,
1398 4799 1476 4850 quera
1494 4783 1608 4834 maxime
1626 4793 1676 4844 ego
1695 4793 1766 4828 arno.

1139 4860 1175 4908 iit
1193 4858 1286 4908 tabula
1303 4857 1328 4906 ei
1345 4855 1489 4918 viventes,
1509 4866 1577 4916 qoos
1596 4849 1735 4911 existimat
1753 4847 1877 4896 rnortuos
1895 4857 1976 4901 esse,

1138 4928 1258 4990 Dicens,
1283 4924 1460 4974 incredibiles
1478 4921 1635 4984 voluptates
1654 4915 1834 4979 auriaintiabit.

1068 5015 1118 5074 66)
1137 5011 1223 5064 Obor.
1241 5011 1363 5074 neptas-o
1372 5034 1406 5047 -
1415 5001 1538 5073 lugebat
1552 5004 1609 5073 (vs.
1622 5003 1811 5060 iim-6563]
1826 4999 1923 5050 siciid.
1934 4998 2024 5060 15623

1137 5149 1223 5203 Uber.
1242 5150 1390 5198 Lasmcntor
1408 5149 1451 5212 te,

1135 5222 1285 5270 sacrarum
1303 5216 1435 5267 iotiooum
1453 5215 1540 5281 guttis

1132 5287 1307 5340 Destinatom
1325 5285 1457 5336 cruentis.

1132 5358 1184 5412 (ir.
1201 5355 1344 5406 Miseratio
1363 5355 1470 5418 quidem
1494 5355 1560 5404 baec
1586 5367 1641 5404 raon
1668 5357 1728 5414 est,
1761 5353 1810 5402 scd
1837 5351 1907 5398 burro
1933 5343 2023 5395 alcime

1442 5425 1550 5489 estote,
1575 5423 1743 5486 obospitae.
