4616 5810
42 239 123 318 stc
380 311 389 326 ,
488 231 564 308 mc
614 231 1014 312 mannenarano
1047 233 1325 310 armannus
1357 233 1605 310 uunumts.
1658 263 1675 302 .·
1900 295 1903 300 .
1979 249 2057 325 550

61 411 122 486 sto
139 409 181 479 llt
190 419 345 499 patrem,
366 405 432 502 qui
442 406 591 478 nomine
608 419 712 494 erant
724 407 851 493 amici,
871 431 949 480 non
962 431 1014 486 re.
1059 409 1142 482 070
1172 413 1270 480 Adm.
1292 405 1340 476 Et
1353 433 1449 478 nunc
1467 409 1607 480 affirmo
1625 411 1748 480 eadem
1766 427 1801 484 et
1816 415 1958 492 faciam.
1984 459 1991 476 .

100 513 149 582 Tu
169 523 281 581 autem
305 511 395 582 dans
410 531 471 594 ea,
496 531 588 603 quae
608 506 765 583 habuisti
782 506 1003 598 charissima,
1116 507 1191 584 Alo.
1219 510 1294 579 Hac
1311 511 1517 581 conditione
1534 513 1653 605 accipe
1668 514 1800 590 liberos
1815 541 1863 590 ex'
1873 525 1963 596 meis
1979 551 2055 598 ma-

97 615 159 684 Pro
181 637 257 683 mea
276 612 371 696 vita,
394 611 543 684 servasti
564 635 641 684 me:
664 613 786 708 itaque
809 616 908 688 adest
924 612 1014 686 mibi
1476 614 1593 686 nibus.
1894 633 1896 641 “

441 737 583 806 gemere
807 747 809 752 ,
1115 721 1216 787 Adra.
1234 711 1398 806 Accipio:
1416 712 1567 787 estmibi
1583 729 1724 808 gratam
1737 746 1919 796 munuser
1937 729 2051 800 amica

95 811 277 886 Amittenti'
290 828 325 886 te
345 816 455 888 talem
479 815 680 910 coniugem.
1480 843 1603 891 manu

94 919 256 990 Omittam
275 919 439 991 convivia
465 932 500 988 et
520 919 754 1000 convivarum
778 921 958 1006 sodalitia,
1117 922 1192 990 Alc.
1225 918 1285 990 'l'u
1307 931 1383 995 esto
1408 919 1485 995 istis
1510 933 1626 993 mater
1648 945 1716 1014 pro
1737 950 1829 1015 me„

56 1017 116 1092 345
142 1019 188 1090 Et
200 1045 370 1106 coronas,
395 1033 430 1090 et
444 1022 657 1107 cantilenas,
681 1047 774 1118 quac
791 1035 897 1097 antea
912 1047 1013 1095 occu·
1117 1027 1218 1093 Adm.
1246 1018 1374 1112 Ingens
1395 1024 1583 1096 necessitas
1608 1025 1742 1098 orbatis
1766 1040 1800 1099 te
1824 1045 1949 1105 matre.

438 1137 617 1219 paverunt
638 1149 756 1196 meam
781 1130 947 1208 domum
1066 1125 1142 1196 800
1176 1127 1249 1197 Alc.
1281 1123 1461 1220 olibeti,
1489 1129 1628 1197 morior
1649 1151 1765 1213 nuuc,
1796 1155 1876 1202 cum
1897 1137 2051 1207 maxime

93 1227 166 1298 Non
190 1224 343 1318 amplius
367 1225 540 1317 attingam
565 1227 761 1313 barbitum,
1473 1231 1546 1299 vita
1570 1225 1662 1300 mibi
1684 1244 1736 1302 est
1759 1239 1928 1327 optanda.

92 1329 204 1423 Neque
221 1329 381 1398 animum
398 1329 579 1420 impellam
594 1354 721 1402 canere
740 1332 786 1402 ad
800 1329 971 1424 Libycam
1118 1333 1217 1400 Adm.
1248 1327 1348 1412 Heu,
1372 1331 1459 1424 quid
1479 1355 1582 1423 agam
1607 1345 1643 1401 tc
1665 1333 1836 1409 orbatus?

18 1509 22 1518 Ι
93 1431 244 1512 Tibiam;
268 1444 308 1502 tu
324 1431 418 1502 enim
437 1431 599 1526 eripuisti
615 1430 706 1504 mihi
720 1457 845 1505 omnes
861 1433 1014 1504 oblecta·
1118 1433 1191 1502 Alc.
1212 1431 1370 1524 Tempus
1385 1435 1523 1510 nnnuet
1535 1436 1688 1515 luctum;
1704 1451 1866 1510 mortuus
1883 1438 1973 1511 nihil
1989 1451 2064 1514 εει.

441 1533 567 1606 tiones.
1022 1541 1024 1546 '
1118 1538 1218 1604 adm.
1247 1533 1327 1602 Duc
1346 1559 1404 1606 me
1428 1547 1543 1606 tecum
1572 1540 1617 1608 ad
1639 1537 1784 1612 inferos.
1870 1619 1874 1630 Ι
2055 1545 2059 1552 ’

92 1635 209 1706 Solerti
234 1659 346 1706 manu
369 1635 544 1707 artificum
571 1659 699 1730 corpus
720 1651 821 1710 tuum
1118 1639 1192 1707 Alc.
1225 1636 1318 1706 Satis
1341 1649 1393 1707 est
1414 1661 1473 1707 me
1496 1638 1589 1708 mori
1614 1663 1680 1731 pro
1703 1652 1748 1712 te.

55 1735 113 1810 350
133 1739 336 1830 demptum,
360 1735 398 1808 in
422 1739 514 1811 lecto
536 1739 786 1812 collocabitur:
1066 1734 1142 1812 385
1165 1743 1265 1810 Adm.
1295 1739 1329 1809 Ο
1346 1739 1478 1824 fatum,
1499 1743 1595 1836 quali
1620 1741 1769 1834 coniuge
1792 1771 1849 1814 me
1875 1751 2011 1838 privas!

91 1845 186 1934 Apud
218 1842 317 1936 quod
350 1840 495 1922 iacebo,
528 1841 636 1938 idque
671 1842 909 1934 complectens
940 1863 1014 1910 ma·
1117 1844 1191 1914 Alo.
1221 1841 1396 1938 Atque“)
1419 1845 1631 1915 tenebricosi
1656 1859 1853 1938 gravantur
1875 1853 1979 1924 oculi.

438 1943 558 2027 nibus,
1117 1947 1217 2015 adm.
1245 1943 1361 2030 Perii,
1386 1945 1417 2016 si
1439 1971 1496 2016 me
1519 1951 1670 2019 deseres.

93 2043 220 2116 Vocaus
243 2057 347 2116 tuum
366 2068 523 2129 nomen,
546 2041 692 2116 charam
719 2045 758 2116 in
778 2046 966 2138 complexu
1115 2049 1190 2120 Alc.
1229 2047 1377 2119 Frustra
1413 2050 1578 2122 nominas
1605 2075 1687 2138 με,
1727 2077 1818 2146 quae
1861 2055 1931 2126 iam
1973 2083 2050 2128 usin

91 2146 237 2216 Videbor
269 2143 404 2218 habere
426 2147 634 2240 coniugem,
665 2147 828 2242 quamvis
850 2171 925 2217 non
950 2141 1013 2216 ha·
1479 2167 1634 2224 mornas.

438 2251 538 2321 bens.
871 2305 873 2310 .
1117 2255 1216 2322 Adm-
1242 2247 1346 2340 Erige
1364 2251 1510 2337 faciem,
1533 2279 1579 2326 no
1599 2255 1779 2350 relinquas
1805 2271 1885 2330 tuos
1908 2261 2051 2334 liberos.

91 2349 261 2441 Frigidam
280 2352 423 2446 quidem
442 2349 627 2450 opinor⁴¹)
643 2353 938 2430 oblectationem,
963 2362 1014 2418 ta·
1068 2354 1142 2424 390
1171 2355 1246 2424 Ate.
1271 2350 1355 2422 Nou
1372 2354 1496 2426 volens
1517 2359 1659 2438 desero;
1689 2361 1750 2429 sed
1774 2361 1908 2444 valete,
1937 2365 2050 2437 liberi.
2112 2367 2114 2384 '

438 2477 522 2526 men
545 2478 637 2525 ouras
1003 2453 1011 2470 '
1117 2459 1217 2526 Adm.
1240 2451 1380 2523 lntuere
1395 2479 1467 2527 eos.
1518 2463 1593 2531 allo.
1614 2455 1716 2532 Nihil
1730 2463 1884 2553 amplius
1899 2489 1990 2536 sum.

56 2553 286 2626 casanistae
309 2552 553 2626 exhauserim:
578 2556 618 2626 in
641 2554 783 2628 somnio
1118 2563 1218 2628 Adm.
1243 2554 1339 2648 Quid
1355 2556 1453 2646 agis?
1472 2559 1605 2634 deseris
1622 2587 1700 2634 nos.
1752 2567 1827 2636 Alc.
1851 2563 1961 2638 Vale.'

92 2659 283 2730 Occurrens
297 2659 491 2730 oblectabis
499 2683 569 2730 me.
595 2659 771 2744 „Gratum
788 2669 840 2728 est
858 2655 1014 2726 amicum
1119 2663 1219 2730 Adm.
1245 2657 1343 2728 Perii
1364 2659 1483 2732 miser,

92 2761 226 2844 „Etiam
243 2775 354 2833 noctu
368 2760 512 2844 videre,
535 2784 750 2856 quocunque
767 2760 907 2830 venerit
928 2771 1016 2830 tem·
1121 2765 1218 2832 tator.
1244 2759 1359 2844 Vixit,
1380 2785 1457 2832 non
1478 2764 1633 2857 amplius
1656 2779 1709 2838 est
1720 2767 1864 2840 Admeti
1888 2773 2053 2843 coniunx.

131 2921 139 2934 .
469 2886 542 2934 ore.

94 2966 125 3034 Si
145 2962 232 3036 mihi
255 2961 396 3057 Orphei
421 2888 560 3037 adesset
579 2964 699 3056 lingua
725 2978 761 3034 et
783 2963 932 3048 musica,
1443 2929 1680 3036 [3170000]

94 3069 137 3138 Ut
153 3070 264 3140 filiam
287 3067 426 3140 Cereris
449 3081 512 3138 aut
534 3068 609 3138 eius
631 3068 801 3138 maritum
1123 3070 1219 3136 Eam.
1247 3063 1327 3135 Heu
1350 3067 1534 3137 fortunam
1543 3069 1605 3164 ⁴⁶),
1628 3086 1743 3142 mater
1764 3087 1905 3144 mortua
1930 3089 1992 3149 est.

58 3169 115 3240 000
137 3171 350 3244 Demulcens
373 3171 551 3256 carmine,
582 3169 628 3239 ab
658 3168 782 3240 inseris
811 3171 1016 3253 reducerem
1070 3164 1145 3238 595
1171 3168 1256 3238 Non
1277 3168 1430 3259 amplius
1451 3181 1521 3250 est,
1546 3197 1568 3239 o

444 3273 655 3363 coniugem:
1119 3269 1243 3352 Pater,
1267 3269 1333 3339 sub
1355 3269 1442 3353 sole,

94 3375 366 3460 Descenderem‚
380 3399 454 3446 'nec
475 3399 535 3446 me
556 3371 721 3446 Plutonis
740 3372 851 3454 canis,
1121 3373 1298 3443 Deserens
1317 3395 1432 3442 meam
1455 3373 1577 3444 vitam.

96 3479 208 3576 Neque
232 3481 408 3552 deductor
430 3477 654 3563 animarum,
682 3473 827 3548 Charon
851 3484 961 3542 nauta
1099 3475 1222 3554 ,Fecit
1242 3499 1299 3544 me
1320 3471 1523 3567 orphanum
1550 3477 1693 3553 misera.

96 3580 289 3666 Retineret,
312 3582 520 3677 priusquam
543 3593 577 3652 te
600 3582 639 3650 in
663 3579 775 3650 vitam
802 3579 1020 3648 reducerem.
1122 3577 1213 3646 Vide
1234 3577 1326 3661 iam,
1353 3577 1434 3648 vide
1456 3581 1645 3672 palpebras
1668 3584 1725 3650 at'

96 3683 219 3754 Verum
243 3685 318 3754 illic
340 3708 397 3755 mc
420 3696 585 3775 expecta,
611 3685 696 3755 dum
722 3681 871 3762 moriar,
1074 3679 1149 3752 400
1170 3679 1359 3750 Resolutas
1379 3707 1519 3766 manus.

58 3782 117 3855 365
141 3787 321 3880 Praepara
338 3785 557 3858 domicilium
577 3798 751 3878 tanquam
768 3803 907 3851 mecum
921 3774 1022 3848 habi·
1125 3783 1240 3865 Audi,
1263 3782 1367 3863 audi,
1393 3808 1414 3851 ο

447 3901 579 3958 tatura.
1127 3885 1261 3965 Mater,
1282 3895 1316 3952 te
1339 3885 1503 3954 obsecro:

96 3988 231 4062 Faciam
251 4003 525 4072 testamentum,
551 4002 591 4059 ut
616 3988 655 4058 in
677 3986 804 4056 eodem
825 3985 959 4054 feretro
1127 3985 1205 4077 ligo
1229 3999 1282 4068 te,
1306 4009 1327 4052 o
1351 3997 1486 4067 mater,
1513 3984 1687 4076 compello

100 4092 173 4164 Mea
190 4096 304 4166 latera
324 4115 458 4186 ponam
482 4093 579 4162 iuxta
1127 4089 1227 4158 'l'uus
1249 4085 1386 4178 pullus,
1409 4089 1455 4166 ad
1478 4111 1517 4156 os
1541 4098 1641 4157 tuum
1667 4087 1808 4156 cadens.

99 4193 187 4276 Tua;
207 4221 326 4291 neque
349 4207 514 4266 mortuus
538 4191 684 4289 quidem
705 4213 865 4284 unquam
1079 4185 1153 4266 405
1175 4191 1281 4276 ‚adm
1315 4187 1431 4282 Vocas
1449 4213 1565 4283 neque
1588 4191 1791 4261 audientem
1807 4213 1922 4284 neque
1940 4185 2061 4274 'si-deu·
2124 4188 2126 4199 '

100 4297 185 4369 Volo
205 4323 280 4372 esse
302 4298 481 4372 seiunctus
501 4320 522 4366 a
546 4310 600 4380 te,
622 4317 714 4390 quae
729 4294 805 4366 sola
820 4285 913 4364 mibi
929 4285 1025 4358 luisti
1411 4319 1414 4326 »
1482 4305 1575 4362 tem:
1598 4293 1718 4390 itaque
1739 4317 1805 4384 ego
1845 4343 1847 4350 ,

450 4402 534 4470 lida.
1130 4395 1177 4465 Et
1198 4419 1261 4465 vos
1284 4393 1385 4486 gravi
1407 4395 1608 4467 calamitate
1630 4394 1849 4471 consternati
1866 4402 2004 4489 sumus}
2068 4427 2071 4434 ·

67 4499 127 4571 070
155 4507 251 4578 tibur.
282 4501 330 4574 Et
345 4526 409 4595 ego
423 4497 520 4574 bunc
534 4501 669 4571 luctum
685 4497 822 4570 tristem
840 4511 880 4570 ut
895 4468 1029 4576 amicus

460 4630 542 4676 cum
565 4602 682 4672 amico
1396 4561 1750 4665 [antistrophe]
1849 4615 1853 4629 .

109 4706 182 4778 Una
204 4731 344 4800 geram,
367 4707 443 4800 ipsa
470 4708 566 4776 enim
589 4716 641 4775 est
665 4703 783 4792 digna.
1133 4707 1229 4773 Eum.
1263 4697 1340 4794 Ego
1363 4701 1502 4775 iuven-is
1526 4699 1642 4776 adhuc
1664 4703 1850 4796 relinquor
1874 4699 1980 4774 chara

108 4813 175 4881 dle.
204 4810 238 4880 Ο
255 4809 378 4894 liberi,
397 4834 462 4881 vos
483 4805 669 4880 audivistis
689 4799 777 4872 haec
1133 4805 1250 4874 Matre
1266 4805 1432 4888 orbatus,
1864 4821 1870 4844 ³

109 4913 138 4978 A
152 4925 270 5004 patre,
285 4914 383 5008 quod
399 4935 586 5008 uunquam
605 4907 711 4978 aliam
726 4906 897 4975 ducturus
910 4903 956 4972 sit
1126 4903 1267 4987 'Tristia
1294 4907 1432 5000 patiens
1463 4989 1468 4998 ,
1546 4973 1548 4980 ,

112 5012 324 5107 Coniugem,
347 5039 414 5086 nec
436 5017 660 5108 neglecturus
678 5031 747 5080 me.
1566 5007 1571 5014 '

1085 5098 1294 5112 μοι..

76 5237 255 5256 -....
1123 5203 1171 5269 41)
1191 5206 1294 5269 nque]
1310 5205 1354 5256 ato
1370 5203 1455 5256 uttt.
1473 5203 1568 5260 1000..
1594 5202 1691 5268 tona
1712 5205 1812 5268 mn,
1829 5207 1963 5269 same:
1974 5160 2072 5266 alnum

1160 5276 1236 5328 ltin:
1255 5275 1315 5324 tam
1329 5284 1397 5324 vero
1416 5271 1524 5338 (uurtp.
1541 5267 1589 5321 ael
1605 5269 1687 5339 pria).

105 5389 147 5452 10)
164 5384 271 5456 opinor]
294 5387 337 5440 sic
359 5389 407 5448 (z
425 5386 518 5451 Eurip.
538 5373 631 5453 οἶμαι)
655 5380 739 5433 aottt.
766 5381 887 5440 recent.;
913 5377 940 5427 tu
958 5377 1043 5429 notat.
1128 5378 1177 5442 cs)
1196 5379 1253 5428 tlea
1276 5371 1429 5441 loctunam]
1453 5375 1496 5426 stc
1518 5373 1603 5427 Mitt.
1623 5377 1717 5442 1000,
1740 5377 1838 5440 lma
1863 5374 1948 5427 mitt.
1972 5377 2074 5429 ruant.

138 5459 226 5521 1000,
244 5455 318 5510 tata.
336 5457 423 5510 deest.
1166 5439 1555 5588 t=Enrlp.'1tl3pgs:jxtec)
1574 5447 1625 5498 liei
1642 5448 1706 5498 111101
1721 5450 1834 5510 propter
1849 5443 2040 5496 nte-trasna
