4700 5808
66 237 146 320 sos
249 237 391 318 nvn.
429 182 1437 336 urunrnmmumstqusnnmnnn
1458 239 1746 317 mannen
1769 241 1860 320 un.
1875 243 1935 321 tv.
2039 247 2116 326 ros
2249 153 2255 174 ⁶

67 413 302 506 occuparint,
326 413 520 488 incendent
535 412 575 489 in
595 415 691 490 netis
711 412 969 488 immedmetts
992 407 1074 486 tur·'
1117 413 1158 484 in
1183 412 1361 486 Venerem
1392 427 1432 486 et
1455 368 1853 508 cupiare'emmttme,
1893 423 2114 499 veremudus

66 509 302 610 pissimirum
317 518 516 591 libidinum
530 519 715 605 flammas,
747 531 787 590 et
804 517 1068 612 proserpere,-
1117 528 1241 588 umen
1262 528 1299 588 et
1321 517 1477 588 maxima
1499 542 1541 588 ex
1560 530 1663 610 parte
1682 519 1918 606 difficiliores,
1952 547 2002 593 ac
2021 525 2115 616 fugi-

66 633 199 714 tosque
221 621 268 689 ad
286 621 450 715 quemvis
473 623 727 706 concubitum,
753 623 832 693 sine
848 617 1067 702 discrimine,
1118 632 1234 691 tentes
1249 619 1498 712 turpitudine
1533 621 1645 691 Marti
1664 623 1732 694 soli
1754 623 1921 696 assistens
1945 638 2114 698 anteum

65 721 142 794 sive
159 734 272 812 agant
284 723 372 814 ipsi,
398 724 473 794 sive
486 725 690 816 patiantur,
716 717 882 794 efficient.
931 717 973 792 ln
992 745 1068 792 cer·
1117 724 1289 813 figurata,
1326 723 1458 794 salaces
1482 721 1627 817 quidem
1649 725 1744 796 etin
1766 725 1944 798 Venerem
1966 753 2115 819 pronas,

65 824 217 895 tisvero
231 825 374 916 figuris,
397 827 504 902 &hm
519 824 694 918 flagitiose
713 821 910 898 obscoenos
931 846 972 894 ac
992 825 1067 894 foe·
1118 827 1180 895 se'd
1202 848 1346 918 segnes,
1376 826 1491 928 xetiam
1515 824 1545 894 si
1566 837 1653 896 tuuc
1671 824 1807 920 Iupiter
1827 841 1971 922 praesto
1993 832 2114 918 fuerit,

66 927 154 1010 dos,
196 941 239 998 nt
260 927 306 1016 ,in
328 928 572 1002 anterioribus
589 942 627 1000 et
646 923 908 1020 posterioribus
921 925 1067 1009 Arietis,
1118 927 1235 998 efficit
1267 927 1386 1000 Marte
1401 927 1511 1002 radiis
1525 926 1619 1000 Solis
1635 929 1827 1014 occultato,
1850 956 1986 1017 servos,
2011 931 2114 1020 viles,

64 1051 183 1122 prope
207 1028 375 1112 Sucidas3
408 1032 447 1102 iu
468 1032 726 1124 posterioribus
740 1029 893 1115 Leonis,
918 1030 957 1100 in
976 1027 1068 1098 facie
1119 1041 1181 1098 aut
1194 1029 1402 1123 peregrinos
1419 1031 1626 1112 admittent;
1660 1031 1810 1102 Venere
1823 1032 1862 1102 in
1882 1034 2004 1106 radios
2018 1036 2114 1107 Solis

65 1130 298 1223 Caprieorui.
331 1132 448 1205 Porro
465 1136 497 1206 si
512 1130 581 1206 hoc
595 1136 716 1228 positu
731 1147 794 1206 atat
808 1133 847 1202 in
861 1129 1066 1223 horoscopo
1118 1155 1256 1217 mersa,
1278 1152 1359 1203 cum
1375 1132 1638 1224 superioribus,
1664 1147 1728 1206 aut
1742 1137 1919 1222 dominis,
1943 1139 2113 1231 pellicatu

63 1233 254 1319 fulserint,
288 1247 351 1304 aut
372 1235 415 1306 in
434 1238 525 1308 coeli
548 1237 691 1330 fastigio
714 1237 951 1320 eminuerlnt,
990 1235 1066 1320 fiet,
1118 1247 1181 1305 aut
1207 1234 1486 1306 concubinarum
1515 1261 1616 1306 more
1646 1239 1895 1310 concumbeut.
1954 1239 2114 1333 Quodsi
2243 1253 2245 1260 '

63 1349 105 1406 ut
121 1348 272 1410 autores
286 1337 356 1428 ipsi
372 1363 454 1422 sua,
480 1365 571 1435 quae
586 1352 807 1433 perpetrant,
831 1337 965 1430 flagitia
981 1359 1066 1430 pro-
1118 1338 1218 1428 signa
1246 1333 1476 1430 adspectusve
1497 1339 1659 1429 planetas
1681 1341 1945 1426 effeminantur,
1979 1344 2025 1412 ad
2050 1367 2114 1436 pa·

64 1442 198 1524 ferant,
216 1453 253 1510 et
268 1438 342 1512 suis
358 1443 535 1514 eelebrent
549 1442 786 1516 sermonibus.
837 1438 879 1510 ln
897 1440 1065 1512 extremis
1117 1440 1279 1510 tiendum
1300 1441 1417 1511 solum
1442 1436 1579 1511 habiles
1603 1455 1638 1512 et
1658 1465 1811 1533 pronas;
1840 1445 1881 1514 si
1914 1441 2114 1518 masculina

66 1543 211 1614 duobus
235 1538 306 1614 hoc
327 1546 437 1615 modo
461 1546 625 1617 collocati
651 1545 875 1629 cardinibus,
915 1538 1064 1612 occiduo
1116 1543 1252 1614 fuerint
1267 1543 1346 1612 losa
1363 1542 1609 1635 planetarum,
1635 1546 1680 1615 ad
1704 1545 1792 1616 alias
1811 1545 2006 1618 irritandas
2028 1569 2114 1638 pro-

64 1644 244 1716 nimirum
267 1657 310 1716 'et
336 1646 480 1734 intimo,
521 1651 723 1741 spadonum
754 1661 789 1719 et
817 1641 1063 1720 eunuchorum
1118 1646 1223 1716 clives
1238 1648 1316 1717 fore
1332 1648 1591 1719 demonstrant.
1635 1646 1828 1732 Saturnus,
1854 1643 1910 1720 his
1925 1649 1975 1720 ita
1992 1647 2114 1742 dispo-¹

66 1771 173 1820 eausa
190 1761 319 1830 erunt,
353 1752 411 1820 vel
433 1751 654 1824 sterilitatem
678 1752 869 1834 inducent,
898 1747 1065 1840 virgaeve
1118 1749 1193 1822 sitis
1223 1747 1377 1842 planetis
1404 1771 1605 1833 connexus,
1638 1749 1669 1821 si
1692 1751 1801 1822 fuerit
1824 1762 1859 1820 et
1881 1751 1956 1842 ipse
1977 1752 2113 1822 effemi-

66 1864 208 1924 meetus
226 1853 459 1927 obturabunt.
509 1853 910 1936 Marsubiaccesserit,
930 1850 1066 1944 genita·
1116 1865 1245 1936 natus,
1276 1853 1402 1923 foedae
1427 1850 1585 1923 libidinis
1609 1865 1715 1924 autor
1739 1865 1802 1926 cst.
1867 1853 1906 1924 Si
1929 1851 2113 1926 orientalis

66 1955 115 2024 lia
135 1954 227 2027 viris
247 1956 465 2048 amputabit;
506 1981 549 2028 ex
569 1957 738 2043 femellis,
773 1978 862 2051 quas
882 1945 1067 2053 apesseidoc
1117 1955 1292 2040 extiterit,
1335 1967 1370 2024 et
1398 1955 1634 2039 masculinus,
1673 1955 1851 2050 vituperia
1876 1947 2045 2028 conciliat
2064 1957 2113 2028 ob

67 2070 218 2142 rorant,
247 2059 386 2131 efficiet.
499 2155 502 2162 Ι
686 2125 691 2134 ,
1117 2083 1193 2128 rem
1212 2081 1415 2144 veneream,
1431 2071 1466 2127 et
1482 2057 1636 2128 infamat
1650 2058 1850 2150 insigniter.
1876 2056 2012 2152 Iupiter
2028 2081 2113 2130 con·

169 2161 336 2232 Omnino
352 2185 462 2258 quam
479 2163 689 2232 adveneras
715 2159 941 2230 affectionem
963 2154 1065 2230 habi·
1117 2175 1172 2232 tra
1190 2161 1399 2232 moderatur
1416 2160 1500 2231 talia
1516 2172 1551 2230 et
1566 2162 1776 2254 componit.
1822 2161 2023 2234 Mercurius
2045 2183 2113 2254 pu·

2 2361 3 2364 Ἴ
69 2265 140 2335 turi
161 2265 238 2336 sint
258 2266 347 2350 viri,
379 2265 479 2336 Mars
502 2267 676 2336 ostendet.
724 2262 869 2337 Etenim
891 2261 1065 2332 aVenere
1116 2265 1243 2349 blicat,
1269 2287 1310 2334 ec
1322 2264 1529 2358 pervulgat,
1554 2276 1663 2359 etque
1673 2263 1788 2336 invisa
1805 2265 1934 2354 reddit.

68 2368 300 2463 Saturnoque
321 2381 525 2462 separatus,
548 2381 585 2439 et
598 2366 693 2438 Iovis
715 2365 857 2437 adiutus
882 2363 1065 2454 suffragio,

69 2471 249 2564 elegantes
263 2483 299 2542 et
313 2473 533 2544 verecundos
547 2473 586 2540 in
602 2469 814 2554 concubitu,
849 2479 884 2538 et
907 2462 1065 2537 naturali
1511 2487 1567 2557 De
1592 2486 1721 2558 mm„

68 2599 134 2646 um
161 2599 403 2646 venereorum
433 2587 637 2655 contentos;
675 2572 743 2644 soli
760 2572 918 2644 Saturno
940 2569 1067 2640 adiun-

69 2691 165 2762 ctus,
208 2701 336 2770 segnes
362 2691 398 2748 et
420 2679 571 2770 frigidos
605 2680 651 2748 ad
685 2675 913 2746 concubitum
947 2671 1066 2743 efficit.
1373 2740 1381 2757 ,
1834 2741 1841 2758 ,
1910 2741 1919 2757 ,

69 2781 207 2852 Venere
224 2805 313 2852 vero
331 2793 366 2851 et
378 2779 475 2866 Iove,
502 2781 624 2875 aliquo
641 2777 787 2850 annexis
800 2777 869 2850 sibi
885 2779 1067 2869 adspectu,
1118 2754 1222 2828 Μ’
1257 2742 1483 2826 ⁰d⁰⁰u¹m⁰⁵²
1512 2753 1641 2828 ‘ism’
1673 2754 1715 2813 ¹¹²
1744 2744 1787 2812 ‘¹⁰
1817 2741 1937 2812 hbffls
1963 2741 2114 2814 ‘lima‘

68 2899 261 2978 Pmmppos
274 2885 420 2980 quidem
443 2897 479 2955 e,
499 2894 705 2978 appetentes
727 2903 963 2952 venestorum
987 2879 1068 2948 red,
1119 2869 1210 2915 mus.
1269 2843 1324 2913 De
1339 2837 1395 2914 his
1413 2843 1623 2915 consulendi
1645 2857 1730 2916 sunt
1752 2857 1789 2914 et
1808 2843 2013 2938 pensitaudi
2038 2843 2114 2937 pla-

69 2989 137 3070 (Μ
172 2987 304 3060 ,edita
320 3001 462 3072 tamen,
495 3000 536 3058 ,η
551 2987 760 3057 confinem
780 2999 816 3055 et
833 2986 1068 3054 moderentur
1119 2960 1241 3034 notae,
1267 2946 1307 3066 ip
1322 2945 1412 3016 coeli
1435 2946 1590 3017 culmine
1613 2948 1670 3018 vel
1694 2949 1901 3020 succedente
1925 2946 2000 3043 (eui
2026 2945 2116 3016 boni

70 3117 163 3176 sese,
198 3104 441 3188 caveantque,
476 3115 523 3161 ne
543 3091 735 3176 incurrant
757 3089 805 3156 iu.
818 3085 1005 3159 infamiam
1033 3095 1069 3154 et
1119 3049 1508 3146 d²¹⁹¹¹¹⁰¹¹¹⁵³PPI³U³²5⁰
1524 3051 1656 3142 [sibilia
1673 3051 1741 3147 θδῑ)
1757 3051 2001 3133 ῦῦῡδῑεῑθῠὶθε,
2015 3043 2115 3120 bisve

71 3191 383 3287 reprehensiones.
435 3195 525 3265 Cum
542 3194 617 3265 sola
631 3193 796 3275 Venere,
821 3203 884 3262 aut
903 3190 935 3262 si
957 3189 1067 3259 etiarn
1121 3152 1344 3246 ⁰⁰nfissm25·
1397 3153 1435 3223 si
1453 3153 1542 3224 ωε*
1557 3153 1647 3224 nulli
1670 3153 1917 3245 “Perimula
1948 3151 2021 3236 fflir
2052 3149 2115 3244 (lui

69 3296 206 3392 Iupiter
230 3296 345 3382 adsit,
378 3296 536 3368 Saturno
560 3309 682 3368 tamen
705 3305 865 3379 remoto,
903 3292 1068 3374 lascivos,

70 3403 221 3495 cupidos
237 3400 293 3470 rei
308 3425 501 3486 venereae,
525 3400 683 3475 intentos
704 3397 743 3466 in
765 3421 890 3468 omnes
913 3394 1069 3474 occasio-
1121 3361 1230 3432 deum
1253 3371 1371 3432 ‘runt‘

70 3531 131 3578 nes
141 3504 348 3597 explendae
362 3505 521 3575 lrbrdrnrs
535 3503 642 3596 parit.
699 3499 746 3572 Et
762 3501 792 3572 si
807 3501 897 3572 alter
908 3499 1070 3593 planeta·
1224 3496 1424 3567 Censentur
1443 3506 1563 3568 autem
1587 3493 1714 3588 largiri
1734 3495 1874 3588 prolem
1900 3492 2027 3576 Luna,
2058 3488 2116 3563 lu·

69 3637 150 3684 rum
167 3609 395 3700 vespertinus
410 3606 608 3681 matutinus
624 3606 713 3676 alter
727 3604 847 3689 fuerit,
872 3604 918 3674 ad
932 3625 1070 3676 mascu·
1122 3599 1217 3693 piter
1235 3613 1272 3670 et
1283 3599 1424 3681 Venus;
1457 3612 1582 3670 contra
1604 3623 1754 3691 negare,
1781 3600 1942 3682 auferre,
1967 3597 2026 3666 vel
2048 3594 2117 3664 mi·

69 3715 141 3786 lam
168 3713 373 3807 promiscue
393 3726 430 3784 et
449 3711 640 3784 femineam
659 3707 836 3780 Venerem
860 3729 1071 3800 propensos,
1121 3727 1233 3776 nuere
1260 3703 1342 3790 sol,
1375 3701 1474 3776 Mars
1499 3715 1533 3773 et
1547 3701 1735 3775 Saturnus.
1786 3702 1988 3773 Mercurius
2007 3709 2119 3793 prout

70 3817 237 3890 neutrius
251 3830 373 3888 tamen
389 3816 503 3888 nimio
520 3813 695 3887 desiderio
713 3811 899 3887 obnoxios.
932 3811 1070 3882 Sivero
1121 3806 1317 3880 his·illisve
1342 3827 1379 3878 se
1403 3829 1554 3900 corpore
1572 3806 1632 3878 vel
1656 3807 1828 3898 adspectu
1848 3804 2029 3886 insinuat,
2068 3800 2118 3872 sie

70 3939 227 4018 uterque
252 3922 474 4017 vespertinus
495 3919 623 4006 fuerit,
659 3920 705 3988 ad
737 3917 832 3988 solos
861 3914 1072 3986 concubitus
1124 3912 1251 3984 effectu
1281 3933 1318 3982 se
1352 3935 1497 4006 quoque
1537 3921 1572 3979 et
1610 3906 1868 4000 significatione
1904 3894 2125 3998 conformat*

69 4053 154 4100 cum
185 4025 396 4098 mulieribus
421 4021 690 4096 ardentissimos
714 4020 921 4116 praestabit.
973 4015 1072 4110 Quin
1123 4012 1319 4088 Orientalis
1337 4014 1403 4082 dat
1425 4011 1587 4105 prolem,
1628 4010 1856 4082 occidentalis
1879 4010 2006 4079 aufert.
2069 4004 2119 4075 Hi

1219 2638 1417 2732 Postquam
1449 2661 1541 2732 quae
1571 2639 1614 2709 de
1646 2638 1813 2731 coniugio
1852 2636 2114 2708 consideranda

1121 3257 1287 3376 opposita
1318 3255 1397 3326 loca
1433 3255 1599 3328 obsident
1638 3255 1697 3327 vel
1731 3255 1939 3339 intuentur,
1983 3275 2115 3348 expen-
2248 3293 2251 3298 ·

70 4133 185 4204 etiam
209 4129 242 4202 si
258 4144 346 4204 tunc
368 4127 475 4202 simul
496 4128 535 4197 in
558 4126 667 4219 siguis
690 4126 855 4219 planetae
889 4120 1072 4194 femininis
1123 4117 1233 4212 igitur
1247 4115 1433 4208 planetae,
1464 4114 1529 4209 qui
1549 4113 1688 4208 prolem
1710 4111 1946 4205 pollicentur,
1975 4107 2045 4182 soli
2068 4107 2120 4180 sie
2171 4115 2172 4119 ’
2297 4174 2302 4186 ,

70 4231 280 4320 haeserint,
316 4232 394 4306 nati
416 4257 453 4304 se
474 4231 578 4305 foede
601 4227 899 4300 contaminandus
924 4224 1072 4317 praebe·
1123 4220 1233 4315 positi
1248 4219 1392 4290 unicam
1407 4217 1569 4312 prolem;
1602 4216 1642 4286 in
1661 4215 1885 4310 bicorporeis
1900 4213 2031 4306 signis,
2057 4223 2122 4282 aut

70 4343 168 4414 bunt
189 4335 282 4410 aliis.
343 4335 382 4409 Si
403 4348 529 4408 contra
554 4347 705 4428 uterque
729 4330 928 4422 matutinus
953 4326 1073 4414 fuerit,
1123 4323 1324 4408 femininis,
1365 4333 1429 4394 aut
1454 4320 1658 4406 foecundis,
1705 4319 1825 4416 qualia
1858 4330 1942 4390 suut
1971 4317 2121 4399 Cancer,

2 4469 3 4476 ’
71 4443 247 4518 masculis
272 4441 457 4521 amoribus
493 4438 696 4532 sapientum
734 4448 770 4504 et
798 4432 831 4514 ,si
859 4445 944 4504 tune
971 4432 1071 4522 signa
1125 4428 1293 4521 Scorpius
1315 4439 1351 4496 et
1366 4425 1485 4496 Pisces
1494 4461 1512 4510 ,·
1531 4423 1711 4516 geminam
1734 4434 1798 4494 aut
1819 4420 2120 4493 numerosiorem.

72 4551 186 4626 simul
207 4546 403 4620 masculina
428 4542 628 4626 tenuerint,
666 4563 750 4630 erga
772 4535 926 4610 cuiusvis
948 4533 1073 4606 aetatis
1125 4532 1320 4605 Masculam
1345 4529 1588 4602 conditionem
1611 4526 1730 4599 sortiti
1763 4549 1784 4596 a
1813 4524 1937 4618 signo,
1976 4524 2016 4592 in
2046 4543 2119 4614 quo

71 4679 196 4730 mares
213 4651 412 4724 afficientur
428 4651 561 4744 absque
578 4643 794 4717 discrimine.
853 4640 1020 4739 Denique
1044 4637 1074 4710 si
1124 4648 1333 4719 versantur,
1358 4646 1466 4729 atque
1480 4632 1651 4725 adspectu
1666 4632 1713 4700 ad
1729 4629 1868 4714 Solem,
1900 4649 2035 4704 marem
2069 4623 2120 4694 ef·

71 4763 199 4834 Venus
219 4750 448 4829 occidentalis
463 4751 583 4836 fuerit,
605 4774 684 4822 cum
700 4745 842 4829 vilibus,
861 4743 1074 4827 famulabus,
1123 4738 1307 4822 feminati,
1331 4736 1491 4834 femellos
1508 4735 1717 4806 decernunt.
1777 4729 1944 4823 Superati
1964 4751 1984 4796 a
2008 4726 2119 4796 male-

76 4879 139 4938 aut
154 4859 374 4956 peregrinis3
401 4856 429 4930 si
445 4882 486 4928 ea
503 4853 632 4926 Martis
648 4849 807 4923 conditio
828 4846 956 4932 fuerit,
993 4870 1072 4917 cum
1096 4903 1097 4908 ,
1124 4844 1212 4928 ficis,
1239 4839 1356 4912 autin
1373 4835 1551 4911 sterilibus
1567 4837 1677 4931 signis
1694 4832 1871 4916 collocati,
1898 4825 2019 4926 qualia
2036 4842 2121 4902 sunt

75 4966 325 5062 superioribus
357 4973 421 5031 aut
445 4959 660 5031 dominabus
691 4980 768 5026 rem
800 4947 988 5023 habituros
1014 4949 1074 5019 de·
1124 4945 1200 5018 Leo
1217 4958 1253 5016 et
1268 4944 1402 5040 Virgo,
1427 4943 1603 5036 praebent
1615 4939 1760 5035 quidem
1776 4935 1936 5030 prolem,
1969 4935 2031 5005 sed
2050 4953 2119 5002 nee

72 5081 193 5146 notat.
691 5089 694 5098 ¹
1124 5045 1333 5145 pulchram,
1357 5071 1424 5118 nec
1448 5043 1660 5118 durabilem.
1717 5040 1888 5113 Solvere
1912 5035 2120 5111 etmalefid

180 5171 238 5244 De
251 5165 481 5253 mulieribus,
506 5165 656 5238 Veneris
671 5145 891 5242 observanda
915 5155 1073 5229 conditio
1125 5152 1308 5250 praedicta
1324 5154 1400 5222 loc'n
1419 5149 1659 5244 possidentes,
1684 5144 1715 5215 si
1724 5145 1837 5217 simul
1850 5141 1909 5213 vel
1921 5139 2120 5217 masculina

77 5295 139 5354 est.
191 5273 337 5348 Etenim
352 5269 429 5342 Iovi
443 5271 661 5362 configurata
677 5276 711 5339 et
725 5264 926 5347 Mercurio,
951 5261 1075 5332 mode·
1126 5272 1233 5345 tunc,
1265 5257 1324 5327 vel
1344 5252 1599 5344 sterilissigna
1621 5261 1786 5336 teneant,
1820 5258 1856 5318 et
1875 5246 2119 5317 muraneum

78 5395 160 5455 rato
183 5379 396 5472 mundoque
417 5395 654 5444 venerearum
674 5395 745 5444 usu·
764 5380 967 5446 contentam
1007 5363 1075 5435 soli
1124 5362 1252 5434 faustis
1266 5385 1307 5452 ac
1321 5357 1481 5430 felicibus
1503 5355 1615 5427 radiis
1634 5355 1847 5437 foveantur,
1879 5350 2019 5444 prolem
2038 5343 2119 5439 qui-

81 5489 199 5559 iuncta
214 5480 422 5565 Mercurio,
446 5475 531 5548 Iove
548 5477 711 5560 absente,
734 5471 914 5567 proclives
929 5461 1074 5565 quidem
1127 5467 1224 5539 dem·
1240 5464 1478 5558 promittant,
1518 5461 1579 5534 sed
1601 5458 1839 5541 imbecillam,
1876 5444 2122 5524 invaletudine
