4600 5804
257 230 334 306 sss
836 213 961 292 11111.
995 215 1110 293 m
1142 215 1346 292 smum
1378 215 1716 292 momatur
2184 229 2237 306 tlt

308 361 1096 486 memoremmncmaaem‘pssem
1349 389 1551 464 mmmm
1579 391 1712 464 enee·
1731 389 1852 472 asne
1889 391 2236 488 semmua

258 501 334 580 666
355 502 472 576 Venio
490 499 637 593 cupiens
653 495 822 568 mundare
840 493 906 564 tibi
921 507 958 565 et
972 495 1067 582 mhi,
1716 489 1933 566 bederaoeas

258 649 264 656 -
308 609 429 704 Quam
438 596 1015 677 mirandalaciautetmiracnlum
1029 596 1248 694 superantia.
1352 594 1534 682 Coronas,
1559 609 1595 668 et
1606 619 1785 693 quernas,
1806 609 1845 668 et
1858 619 1903 668 ex
1913 596 2054 669 smilace
2066 601 2186 674 dorida.

306 713 377 784 Sed
392 706 499 802 cupio
518 704 661 788 audire,
686 715 808 773 utrum
824 699 892 770 tibi
907 701 1017 772 libere
1348 698 1482 796 aliqua
1525 721 1613 770 vero
1662 695 1828 795 thyrsum
1873 699 2064 793 accipiens,
2105 707 2236 798 percussit

307 813 435 886 Dicere
450 809 586 904 possim
601 829 656 891 ea,
669 827 762 900 quae
777 803 861 872 iude
876 803 966 889 lero,
982 825 1030 874 au
1045 825 1248 876 sermonem
1715 815 1870 894 petram,

670 904 943 980 contineamus?
1348 903 1455 974 Unde
1472 903 1571 974 exilit
1583 898 1718 975 humor
1732 927 1848 999 aquae
1860 902 2015 976 roridos.
2046 951 2049 956 ·

307 1019 432 1090 Metuo
451 1014 547 1086 euim
565 1011 782 1082 celeritatem
797 1006 912 1078 animi
926 1008 993 1093 tui,
1300 1001 1375 1078 705
1398 1003 1479 1076 Alia
1496 1006 1596 1078 misit
1609 1004 1767 1077 ferulam.
1778 1008 1817 1076 iu
1832 1019 1979 1090 terram,

257 1121 333 1195 670
353 1119 400 1190 Ε1
415 1114 661 1198 iracundiam,
677 1125 713 1183 et
728 1135 846 1182 mores
859 1109 1012 1182 nimium
1028 1109 1247 1207 tyrannicos.
1348 1107 1399 1180 Et
1413 1104 1483 1179 hac
1496 1122 1599 1202 parte
1613 1109 1734 1180 emisit
1745 1107 1844 1182 Deus
1858 1111 1997 1182 iontem
2010 1106 2093 1180 vini.

309 1229 393 1296 Pess.
418 1219 561 1304 Dicito,
585 1216 669 1311 quia
684 1237 832 1306 prorsus
847 1213 918 1285 eris
934 1213 1011 1285 sine
1026 1237 1157 1308 poena.
1349 1211 1490 1305 Quibus
1505 1237 1592 1284 vero
1610 1211 1828 1286 desiderium
1843 1212 1945 1284 lactis
1958 1213 2088 1296 aderat,

308 1323 444 1411 „lustis
462 1321 558 1394 enim
578 1342 654 1390 non
668 1328 721 1388 est
738 1317 977 1388 irascendum.
1318 1339 1322 1376 :
1349 1314 1519 1387 Summus
1532 1314 1653 1408 digitis
1667 1315 1868 1387 dividentes
1881 1327 2030 1399 terram,

307 1427 391 1520 Qoo
409 1424 541 1496 dixeris
564 1419 742 1492 atrociore
759 1421 803 1490 de
817 1415 982 1503 Bacchis,
1348 1416 1539 1488 llabebaut
1552 1418 1695 1510 copiam
1712 1417 1833 1499 lactis;
1860 1443 1903 1489 ex
1916 1413 2111 1489 hederaceis

307 1531 428 1600 'l'auto
445 1527 560 1620 magis
575 1522 672 1596 hunc
687 1521 919 1615 praebentem
935 1534 1030 1595 artes
1299 1518 1375 1590 710
1396 1515 1548 1616 Thyrsis
1565 1520 1750 1594 stillabant
1761 1521 1847 1592 flavi
1862 1520 1979 1594 mellis
1996 1516 2163 1591 humores:

258 1627 334 1706 676
357 1630 572 1703 Mulieribus
588 1625 796 1698 obiiciemus
811 1645 962 1718 poenae.
1347 1620 1402 1692 lta
1424 1635 1486 1708 nt,
1514 1623 1545 1695 si
1567 1623 1746 1708 siluisses,
1774 1621 1916 1708 Deum,
1945 1647 2051 1719 quem
2069 1645 2154 1693 nuuc
2171 1619 2234 1689 vitu·

307 1739 402 1808 Nea.
430 1731 591 1804 Pecudes
606 1727 803 1800 vitulomm
818 1725 993 1820 gregatim
1012 1723 1086 1794 iam
1103 1727 1151 1798 ad
1166 1749 1247 1798 ver·
1708 1749 1825 1820 peras,

669 1829 775 1900 tieem
1347 1824 1650 1921 Votisaggressus
1668 1853 1781 1913 esses,
1804 1827 2004 1920 adspiciens
2018 1823 2110 1898 haec.

305 1935 486 2009 Paulatim
507 1931 764 2016 ascendebant,
788 1932 935 2026 quando
950 1929 1007 2002 sol
1349 1927 1593 2003 Convenimus
1608 1954 1694 2004 vero
1711 1931 1856 2003 bubulci
1871 1944 1907 2002 et
1920 1943 2079 2023 pastores
2091 1925 2200 2010 ovium,

305 2039 444 2110 Badios
459 2037 645 2136 emittebat
661 2033 870 2106 calefaciens
887 2045 1043 2112 terram;
1174 2081 1176 2086 -
1347 2029 1485 2104 Mutuis
1497 2034 1723 2107 sermonibus
1734 2036 1862 2106 dautes
1876 2033 2030 2105 invicem
2043 2033 2155 2112 rixam

305 2141 423 2212 Video
439 2153 511 2211 tres
527 2151 648 2210 coetus
664 2135 894 2208 muliebrium
911 2130 1119 2217 chororum,
1298 2129 1374 2206 716
1394 2133 1506 2230 Quod
1517 2131 1697 2209 horrenda
1713 2138 1873 2208 lacerent
1887 2149 1924 2208 et
1935 2135 2111 2208 miraculis
2121 2132 2213 2223 digna·

255 2244 333 2318 660
362 2243 503 2339 Quibus
533 2251 722 2334 praeerat,
750 2239 815 2310 uui
846 2237 992 2334 quidem
1009 2231 1247 2333 Autonoe'),
1347 2236 1466 2333 Atque
1482 2238 1661 2332 quispiam
1678 2261 1760 2310 erro
1774 2263 1896 2312 serens
1912 2262 2091 2312 sermones
2103 2235 2137 2306 iu
2148 2233 2212 2305 urbe

673 2341 778 2412 alteri
1346 2339 1449 2411 Dixit
1463 2342 1510 2411 ad
1525 2365 1668 2414 omues:
1690 2341 1726 2414 0
1740 2365 1840 2416 sacra
1857 2342 1941 2435 iuga

304 2447 428 2540 Agave
445 2457 560 2516 mater
577 2456 639 2513 tna
649 2493 671 2526 ‚,
686 2441 794 2514 tertio
810 2465 897 2514 vero
910 2437 989 2513 loo.
1348 2441 1530 2514 Montium
1548 2439 1770 2531 habitantes,
1790 2445 1897 2516 vultis
1911 2445 2117 2517 venabimur

304 2549 644 2620 Dormiebantvero
662 2567 787 2618 omnes
801 2543 1012 2638 corporibus
1026 2539 1196 2625 remissis,
1346 2545 1574 2645 Agavenss),
1593 2561 1748 2620 matrem
1771 2543 1944 2634 Penthei,
1969 2574 2012 2622 er
2031 2537 2232 2618 bacchanalia·
2267 2597 2268 2628 ξ

305 2652 407 2724 Aliae
430 2650 644 2721 inclinantes
658 2661 801 2743 tergum
815 2649 862 2718 ad
877 2648 1024 2718 frondes
1039 2643 1180 2729 abietis,
1708 2651 1827 2736 uibus,
2267 2649 2268 2658 ’

305 2755 408 2826 Aliae
423 2753 461 2824 in
476 2751 572 2825 loliis
588 2776 740 2847 quercus
754 2752 801 2822 ad
817 2750 934 2822 solum
949 2758 1057 2841 caput
1297 2748 1373 2826 720
1402 2750 1566 2846 Remque
1590 2765 1730 2846 gratam
1746 2753 1824 2846 regi
1844 2749 2041 2826 iaciemus?
2063 2751 2142 2822 hene
2160 2739 2231 2814 uobis

254 2853 333 2931 666
356 2855 452 2928 Casu
467 2869 642 2948 ponentes
657 2855 835 2926 modeste:
859 2875 956 2938 nou,
976 2862 1019 2923 ut
1033 2861 1074 2920 tu
1089 2845 1155 2932 ais,
1711 2855 1829 2926 dicere

303 2959 434 3032 Ebrius
448 2959 580 3052 poculo
596 2969 632 3028 et
645 2955 797 3048 strepitu
812 2955 922 3026 tibiae
1345 2954 1453 3028 Visus
1467 2969 1537 3028 est:
1558 2955 1599 3027 iu
1612 2956 1761 3031 insidias
1772 2959 1841 3031 sub
1854 2959 2002 3030 [rondes
2012 2956 2162 3028 fruticum

303 3061 439 3134 Venari
474 3059 653 3132 Venerem
692 3059 731 3129 iu
767 3057 877 3154 sylvis
915 3055 1081 3129 incitatas
1105 3073 1244 3124 amore
1343 3057 1521 3130 Abdimus
1534 3082 1602 3131 nos
1619 3060 1735 3154 ipsosc
1752 3061 1836 3132 illae
1852 3086 1939 3132 vero
1954 3062 2135 3134 constituta
2266 3079 2267 3110 ³

664 3161 835 3235 marium.
1347 3161 1447 3232 Hora
1463 3163 1713 3261 movebant⁴¹)
1729 3161 1893 3260 thyrsum
1909 3167 1959 3234 ad
1972 3154 2193 3236 Bacchanalia,

304 3265 388 3339 ‘l'ua
401 3289 489 3339 vero
507 3280 624 3338 mater
637 3265 732 3336 iuter
745 3263 881 3336 medias
894 3259 1048 3334 ululavit
1345 3259 1512 3336 Iacchum
1527 3268 1636 3358 pleno
1654 3290 1737 3352 ore,
1762 3265 1856 3340 lovis
1872 3267 2001 3353 filium,
2215 3349 2221 3366 .

303 3369 411 3440 Stans
421 3365 604 3451 Bacchas,
629 3391 672 3438 er
687 3389 817 3438 somno
831 3387 983 3436 movens
996 3386 1141 3455 corpus,
1297 3363 1372 3442 725
1393 3365 1583 3440 Bromium
1597 3369 1822 3444 invocantes:
1846 3382 1944 3442 totus
1960 3393 2062 3442 mons
2075 3355 2232 3462 plenusfat
2265 3429 2266 3444 ,

253 3470 331 3545 690
352 3471 551 3566 Postquam
569 3467 708 3539 audivit
719 3466 897 3560 mugitum
911 3466 1035 3538 boum.
1705 3471 1876 3557 clamore,
2264 3491 2266 3608 q

125 3659 127 3664 ,
248 3611 253 3622 ·
305 3571 382 3643 llae
413 3593 500 3642 vero
529 3571 770 3663 abstergentes
795 3580 936 3662 gratum
968 3569 1014 3637 ab
1044 3563 1157 3638 oculis
1186 3589 1244 3638 so·
1346 3570 1393 3642 Et
1408 3574 1663 3660 omuesierae,
1683 3570 1776 3646 nihil
1789 3588 1869 3646 erat
1883 3575 2073 3648 immotum
2089 3585 2184 3642 cortu·

633 3717 637 3728 ·
668 3695 809 3760 mum,
994 3769 996 3772 Ι
1345 3673 1468 3767 Agave
1485 3700 1573 3748 vero
1587 3677 1742 3750 saltabat
1755 3702 1870 3772 prope
1882 3703 1956 3752 me.

246 3817 253 3830 ·
302 3777 543 3849 Surrcxerunt
555 3787 716 3861 erectae,
735 3775 877 3848 videres
891 3771 1106 3844 miraculum
1119 3774 1244 3843 mode-
1343 3773 1397 3848 lbi
1414 3801 1480 3871 ego
1496 3780 1594 3850 exilii
1609 3792 1783 3877 tanquam
1801 3795 1973 3876 capturus
1989 3805 2078 3862 eam,

274 3973 278 3982 ¹
582 3925 585 3934 .
661 3877 765 3964 silae,
1345 3879 1567 3956 Frutieetum
1590 3883 1816 3982 relinquens,
1840 3887 1905 3958 uhi
1927 3885 2168 3958 occultaveram
2181 3883 2232 3936 cot·
2264 3903 2265 3973 l

302 3981 469 4066 luveues,
493 4004 602 4067 suns,
621 3979 779 4075 virgines
794 3993 830 4051 et
843 3979 1030 4073 innuptae.
1705 4012 1786 4081 pus.

303 4085 350 4156 Et
364 4085 523 4178 primum
539 4086 685 4180 quidem
699 4084 924 4156 demiserunt
936 4103 1057 4154 comas
1072 4076 1244 4152 inhume·
1297 4083 1373 4157 760
1398 4083 1462 4159 llla
1479 4101 1599 4160 autem
1615 4090 1843 4164 exclamavit:
1860 4089 1897 4163 0
1910 4091 2040 4164 celeres
2055 4093 2232 4158 maccam,

668 4209 765 4273 rm,
1037 4241 1041 4252 .
1345 4184 1644 4283 Investigemura
1663 4194 1750 4267 viris
1764 4193 1861 4276 istis;
1877 4220 1992 4292 quare
2005 4182 2176 4288 setpaifflitli
2186 4197 2233 4254 ¹⁰²³

252 4283 329 4364 696
349 4285 398 4360 Et
411 4287 609 4362 induerunt
624 4290 754 4383 pelles,
775 4287 905 4385 quibos
919 4289 1102 4359 nodorum
1346 4288 1568 4386 Sequimini,
1580 4291 1712 4393 thyrsis
1726 4297 1894 4372 manibus
1909 4309 2077 4370 armatae.

302 4389 496 4463 viumtom
510 4393 667 4465 solutum
684 4406 781 4477 erat,
801 4404 835 4462 et
848 4391 967 4464 varias
980 4389 1092 4485 pelles
1346 4392 1423 4468 Nos
1438 4395 1560 4493 itaque
1577 4399 1754 4493 fugientes
1769 4401 2029 4476 declinavimus

304 4493 537 4588 serpentibus
553 4493 761 4580 cinxerunt,
781 4495 981 4565 lambentes
999 4488 1195 4586 genam').
1346 4493 1621 4573 Lacerationem
1644 4499 1883 4580 Baccharum.
1934 4503 2035 4600 Ipsae
2056 4490 2232 4590 veu'tlt
2262 4573 2263 4582 ,

302 4595 407 4668 Aliae
422 4597 462 4668 iu
479 4597 575 4670 uluis
591 4619 760 4692 capream
778 4609 841 4668 aut
855 4597 993 4668 catulos
1009 4596 1179 4688 luporum
1705 4609 1846 4683 scentes
1861 4606 2011 4683 herbam
2051 4628 2057 4632 ·

301 4701 413 4774 Feros
428 4713 626 4796 gestantes,
645 4702 782 4774 dabaut'
795 4697 988 4772 candidum
1003 4699 1072 4785 lac,
1289 4699 1372 4775 ,766
1403 4703 1543 4780 Vitulos
1567 4708 1778 4784 invaserunt
1797 4737 1879 4788 cum
1904 4735 2016 4785 manu
2039 4727 2108 4780 uon
2130 4699 2230 4772 armat

247 4805 329 4876 7611
351 4803 636 4903 Quibuscouque
651 4827 769 4899 nuper
782 4803 1067 4899 parturientibus
1082 4821 1241 4872 namma
1582 4827 1583 4832 ¹
1702 4815 1813 4891 fem,

665 4922 744 4981 erat
757 4907 915 4993 turbida,
1294 4945 1499 4965 --——·

247 5023 475 5055 ,Μυκη-ι-
807 5057 811 5064 ¹

1328 5075 1378 5146 11)
1398 5075 1527 5147 Aaron]
1547 5079 1589 5132 sle
1606 5086 1653 5142 t:
1667 5073 1800 5149 Ἀγαυὴν)
1817 5083 1902 5135 natet.
1923 5083 1998 5136 1666.
2016 5083 2043 5132 st
2063 5073 2177 5130 11661111
2195 5057 2227 5112 η

285 5147 335 5216 tt)
353 5149 492 5218 Autonoe]
512 5155 562 5204 nd.
582 5155 657 5206 1668.
676 5157 775 5206 nendo
795 5157 923 5220 mogus
940 5158 1076 5208 Autonoe.
1364 5147 1592 5214 1666618111·

248 5291 252 5294 ,
285 5233 509 5356 16).)61661161
533 5235 646 5312 garram]
672 5239 714 5290 aio
735 5241 935 5306 reamissa,
962 5241 1056 5306 imp
1080 5242 1179 5295 Bne
1203 5243 1244 5294 ad
1325 5228 1376 5299 66)
1401 5231 1562 5302 novabunt]
1587 5234 1630 5286 alo
1653 5235 1798 5290 1161116
1823 5244 1871 5300 t=
1890 5237 1984 5302 lurlp.
2010 5167 2126 5292 11111161
2145 5223 2226 5280 Μ)

288 5354 292 5362 ,
351 5307 489 5356 mmu-
512 5317 612 5370 goren
635 5311 683 5366 (ε
703 5310 798 5374 κιαι,
820 5311 908 5362 unse
929 5310 1014 5362 anti.
1034 5309 1126 5376 saec,
1150 5311 1243 5376 usn,
1358 5301 1853 5368 rmemmvmus);na1ssa
1870 5307 2022 5362 meuse

320 5371 584 5441 Μυοςτ.1ιχμῠσαν
595 5372 711 5456 γένυν),
729 5377 847 5442 Musgr„
866 5377 935 5432 Bina
953 5379 1243 5445 laureshamens-
1324 5385 1374 5454 41)
1392 5388 1472 5450 lpus
1489 5385 1570 5456 vero]
1588 5389 1631 5440 alo
1647 5389 1699 5454 (τε
1714 5390 1808 5457 Earlp.
1825 5392 1857 5444 el
1874 5388 1919 5462 dl)
1940 5392 2026 5446 rete.
2042 5385 2148 5442 1161611
2166 5365 2223 5427 ¹⁰¹²
2260 5369 2261 5439 l

323 5437 370 5504 (=
391 5441 442 5492 nd.
460 5444 522 5494 t'lr.
542 5439 681 5508 λιχμυσιν
696 5441 804 5511 rins).
1362 5456 1455 5523 1666,
1474 5456 1551 5511 1666.
1568 5459 1632 5524 lpse
1648 5470 1725 5513 vert.
1935 5501 1938 5510 ι
