4600 5804
228 243 303 318 519
589 227 598 242 '
807 237 929 314 Pau..
963 241 1076 316 Mal..
1112 239 1314 316 SCRIPTA
1347 236 1685 311 PHILOLOGICA.

281 413 477 509 Quomodo
494 433 514 480 a
531 407 761 503 quadrupede
781 411 875 481 mole

285 520 504 588 Graecorum
520 508 710 603 perierim,

284 618 416 690 Misera
432 616 527 687 bello
541 625 657 704 capta.

285 718 441 814 Quando
458 716 681 810 reliquerunt
698 737 829 806 equum
847 717 994 789 coelitus

1324 413 1443 505 Opera
1464 411 1633 483 Palladis.
1696 480 1697 487 ,

1327 515 1479 586 Fiebant
1496 515 1619 584 caedes
1634 513 1679 582 ad
1696 533 1797 595 aras,

1326 617 1374 689 Et
1387 619 1425 686 in
1445 617 1619 688 cubilibus

1326 719 1460 791 Letalis
1477 709 1632 790 solitudo
1650 713 1850 808 puellarum

234 819 311 898 520
336 821 575 902 Frementem,
602 816 720 887 aureis
735 812 902 907 phaleris,
929 820 1024 893 intus
1042 819 1225 892 eontinen-
1276 819 1352 895 565
1377 821 1573 893 Victoriam
1591 817 1773 889 adferebat
1788 813 1951 896 Graecis,

646 929 718 988 tem
738 942 858 1003 arma,

283 1027 339 1097 bd
360 1037 502 1118 portam
518 1021 664 1100 Graeci;
901 1018 908 1033 '

286 1127 509 1200 Exclamavit
522 1148 607 1193 vero
624 1119 776 1214 populns

287 1232 392 1301 Stans
410 1254 429 1298 a
447 1251 535 1319 rupe
550 1224 712 1295 Troade:

286 1329 357 1414 lte,
385 1354 406 1401 o
423 1327 578 1401 defuncti
594 1323 797 1407 laboribus,

238 1431 313 1508 525
339 1431 416 1501 Hoc
431 1455 572 1502 sacrum
587 1426 751 1498 adducite
765 1424 1019 1500 simulachrum

289 1534 392 1606 lliadi
406 1531 483 1603 lovi
498 1531 638 1624 genitae
654 1529 851 1600 Minervae.

288 1637 379 1731 Quis
392 1659 468 1706 non
485 1635 550 1704 ivit
568 1629 764 1703 iuvenum?

287 1739 378 1833 Quis
394 1737 500 1808 senex
515 1761 589 1806 non
605 1757 763 1827 egressus
779 1745 830 1802 est
845 1731 979 1800 domo?

289 1836 489 1912 Exhilarati
504 1851 613 1908 cantu

242 1939 318 2016 550
343 1940 468 2012 Fallax
484 1934 799 2033 apprehenderunt
812 1936 959 2006 malum.
1018 1981 1024 1995 s

556 2100 910 2205 [Antistrople]

291 2251 426 2320 Totum
441 2269 552 2338 genus
568 2238 754 2336 Phrygum

288 2350 478 2420 Tendebat
492 2349 538 2416 ad
554 2356 677 2438 portas

292 2452 383 2523 Cum
400 2450 535 2520 facibus
548 2447 683 2540 pineis,

215 2592 220 2600 ¹
292 2554 427 2625 Polites
443 2550 591 2622 insidias
605 2547 823 2640 Argivorum

242 2653 318 2730 555
344 2655 391 2726 Et
405 2653 612 2724 Dardaniae
626 2647 725 2719 Deae
744 2648 880 2718 cladem
898 2645 1032 2715 civitati
1050 2649 1211 2731 daturae,

294 2757 426 2828 Munus
445 2755 528 2849 equi
543 2750 775 2832 immortalis,
802 2761 836 2818 et
851 2772 924 2816 non
940 2748 1051 2818 iuncti
1069 2749 1171 2839 iugo,

292 2854 455 2928 Volutati
473 2853 595 2926 fulcris

295 2957 481 3052 Lapideis,
508 2956 605 3025 velut
625 2951 727 3023 navis
780 2949 784 2956 ’

297 3057 436 3155 Scapha
452 3059 615 3139 fulcitur,
643 3056 680 3124 in
696 3055 814 3125 sedem

247 3163 323 3238 540
349 3165 518 3248 Saream,
545 3171 580 3230 et
599 3157 637 3228 in
654 3157 769 3229 solum
786 3157 889 3229 letale
905 3157 1062 3249 patriae,

296 3267 454 3338 Palladis
468 3273 667 3358 posuerunt
679 3259 789 3332 Deae.

299 3369 369 3438 Sed
387 3389 407 3436 a
425 3367 548 3435 labore
568 3377 603 3434 et
617 3362 805 3432 festivitate

300 3469 525 3540 Nocturnum
542 3463 787 3557 crepusculum
803 3463 945 3548 aderat,

302 3568 507 3662 Libycaque
520 3566 606 3637 tibia
622 3563 792 3646 sonabat,

252 3665 327 3744 545
353 3670 400 3742 Et
412 3666 591 3762 Phrygiae
606 3663 806 3746 cantiones;
834 3662 988 3758 virgines
1007 3690 1091 3736 veto
1154 3733 1157 3738 .

301 3775 372 3844 Per
387 3773 551 3866 plausum
567 3785 712 3844 aereum
728 3768 859 3861 pedum

302 3877 451 3947 Laetam
468 3873 670 3945 cantionem
687 3871 879 3952 canebant;
905 3867 943 3940 in

143 3991 151 4000 ‘
303 3978 480 4050 Domibus
495 3977 630 4048 illustre
648 3974 753 4045 iubar

301 4079 397 4174 Ignis
410 4083 589 4152 fumosum
605 4077 831 4169 splendorem

255 4179 332 4255 550
357 4183 476 4253 Dabat
494 4185 539 4252 ad
556 4203 734 4254 somnum.

643 4341 862 4445 [555]
982 4425 984 4428 ,

306 4481 383 4576 Ego
401 4507 487 4554 vero
503 4480 733 4552 monticolam

306 4585 411 4657 Tunc
424 4585 463 4656 in
481 4588 590 4656 domo
608 4583 783 4674 virginem

57 4755 60 4762 ,
171 4759 175 4766 ,
306 4688 401 4763 lovis
416 4688 525 4759 liliam
542 4685 698 4756 Dianam

307 4793 504 4864 Cantabam
524 4791 563 4860 in
578 4785 728 4860 choreis.

258 4891 333 4968 555
358 4893 412 4964 lbi
425 4893 539 4966 letalis
554 4916 618 4986 per
630 4891 755 4964 urbem

166 5064 167 5071 ,
310 4996 388 5065 Vox
406 4997 549 5067 tenebat
567 5017 691 5066 omnes

308 5095 467 5182 Domos,
492 5099 645 5168 infantes
659 5107 777 5166 autem
794 5087 891 5163 chari
911 5090 1001 5161 eirca

303 5199 428 5270 Vestes
440 5195 626 5270 haerentes
640 5197 835 5268 tendebant
849 5194 954 5272 matri
970 5215 1097 5262 manns

305 5304 579 5382 Consternatus,
605 5311 698 5368 etex
714 5298 850 5368 insidiis

257 5399 332 5476 500
357 5399 549 5474 Descendit
564 5397 735 5471 exercitus

1204 975 1209 982 -
1325 925 1495 996 Troianis
1513 947 1596 993 vero
1614 923 1762 992 luctum.

1321 1055 1529 1156 [Olorem
1562 1055 1750 1144 Hecuba,
1774 1048 2091 1130 Andromache,
2122 1044 2228 1116 Tat-

1664 1147 1880 1250 thydiua]

1330 1276 1480 1373 05νὲ)
1508 1275 1615 1345 Vides
1628 1267 1721 1342 hane
1735 1265 2015 1352 Andromachen

1328 1379 1369 1451 ln
1385 1378 1573 1473 peregrino
1597 1371 1760 1446 vehiculo
1778 1369 1886 1443 vehi?

1329 1482 1429 1554 lurta
1446 1493 1585 1552 motum
1601 1478 1752 1549 uberum
1771 1475 1932 1571 sequitur

1280 1585 1356 1660 570
1383 1580 1521 1656 Charus
1535 1583 1736 1674 Astyanax,
1762 1577 1927 1648 Hectoris
1941 1573 2083 1643 filiolus.

1330 1692 1411 1761 Hac.
1437 1685 1521 1780 Quo
1538 1679 1677 1753 veheris
1693 1681 1731 1750 in
1754 1693 1853 1774 tergo
1870 1674 2043 1760 vehiculi,

1330 1789 1454 1862 lnlelix
1470 1787 1618 1869 mulier,
1644 1797 1761 1856 custos

1331 1897 1528 1965 Armorum
1542 1887 1724 1970 Hectoris,
1751 1898 1786 1955 et
1800 1881 1983 1978 Phrygum
2004 1876 2205 1972 spoliorum

1332 1997 1433 2066 Bello
1450 2007 1658 2086 captorum,

1283 2095 1358 2172 575
1386 2096 1525 2191 Quibus
1540 2087 1701 2187 Pyrrhus

1334 2198 1534 2273 Coronabit
1550 2191 1708 2287 templa?

1333 2307 1443 2375 Andr.
1469 2295 1596 2372 Achivi
1612 2295 1750 2366 domini
1767 2318 1823 2364 me
1840 2293 2031 2364 abducunt.
2082 2293 2165 2362 nee.
2186 2285 2259 2356 Heu.

1333 2409 1444 2479 Andr.
1471 2403 1567 2497 Quid
1584 2399 1694 2492 gemis
1710 2421 1828 2468 meum
1845 2390 2009 2490 paeana?
2061 2395 2145 2464 nee.
2172 2389 2248 2460 Heu.

1334 2511 1446 2580 Andr.
1473 2505 1553 2575 Heu
1574 2504 1726 2572 dolores.
1777 2504 1858 2572 lieo.
1882 2497 1963 2567 Heu
1973 2492 2122 2587 Iupiter.

1286 2605 1362 2682 580
1386 2612 1498 2682 Andr.
1526 2607 1605 2676 Heu
1620 2603 1849 2675 calamitates.
1900 2604 1981 2673 Heu.
2007 2596 2138 2690 Otitfr

1336 2717 1447 2784 Andr.
1474 2710 1668 2803 Quondam
1686 2705 1829 2776 suimus.

1336 2818 1415 2886 Hee.
1441 2811 1555 2884 Periit
1570 2807 1750 2903 potentia,
1775 2805 1883 2899 periit
1898 2801 2022 2874 Troia.
2083 2795 2259 2874 555515-

1691 2909 1786 2982 felix.

1338 3023 1419 3091 Her.
1451 3016 1497 3088 Et
1516 3041 1681 3088 meorum
1702 3011 1898 3083 liberorum
1923 3007 2102 3079 nobilitas.
2164 3005 2259 3075 Andr.

1694 3115 1785 3188 Helle

1337 3229 1418 3297 Hee.
1432 3221 1512 3292 Heu
1526 3232 1675 3312 propter
1689 3241 1781 3290 mea.
1827 3217 1938 3289 Andr.
1957 3211 2066 3284 Mala.
2113 3203 2261 3282 1155.Μί-

1694 3320 1845 3393 seranda
1863 3315 2058 3387 calamitas.

1290 3423 1365 3499 585
1391 3430 1503 3498 Andr.
1521 3423 1640 3494 Urbis.
1692 3427 1773 3495 Hae.
1788 3422 1890 3515 Quae
1905 3420 2030 3490 fumat.
2081 3418 2192 3486 Andr.
2206 3409 2262 3480 Re·

1704 3529 1788 3594 deas
1804 3526 1850 3594 ad
1863 3547 1940 3606 me,
1968 3545 1989 3590 o
2005 3517 2146 3589 marite.

1342 3635 1422 3701 lice.
1448 3629 1563 3700 Vocas
1579 3651 1698 3698 meum
1713 3625 1847 3710 filium,
1872 3623 1935 3720 qui
1951 3635 2114 3695 mortuus
2129 3629 2191 3690 cst.

1340 3735 1449 3804 Andr.
1477 3731 1577 3801 Tuae
1599 3730 1721 3802 uxoris
1746 3729 1980 3800 defensorem.
2043 3729 2125 3796 lise.
2157 3718 2202 3790 Et
2222 3729 2262 3796 tu,

1601 3845 1749 3925 propter
1764 3828 1926 3926 quemV)
1943 3827 2153 3919 superbiunt
2167 3815 2261 3897 Graii,

1342 3935 1555 4006 Liberorum
1570 3947 1777 4007 nostrorum
1793 3946 1916 4026 pater,
1942 3955 1964 4000 o
1980 3929 2144 4011 Priame,

1294 4033 1371 4111 590
1395 4039 1522 4109 Adduc
1535 4063 1593 4108 me
1609 4039 1655 4108 ad
1671 4037 1817 4108 inferos.
1865 4029 1994 4108 ’0555
2021 4029 2092 4104 lsta
2108 4038 2187 4102 sunt
2200 4044 2261 4093 ma·

1701 4163 1770 4231 gna
1792 4134 1981 4210 desideria.

1345 4246 1426 4313 Hes.
1452 4242 1617 4313 Patimur
1632 4242 1778 4313 acerbos
1794 4242 1948 4312 dolores.

1348 4347 1446 4417 otor.
1479 4344 1604 4415 Deleta
1625 4344 1733 4428 urbe,
1771 4343 1842 4412 alia
1866 4341 1961 4411 mala
1987 4359 2095 4428 super
2126 4333 2191 4406 alia
2220 4350 2264 4396 ac·

1699 4446 1845 4530 cidunt,

1346 4547 1558 4620 Volentibns
1572 4546 1663 4620 Diis.

1347 4650 1447 4722 Tuus
1463 4663 1581 4722 autem
1597 4648 1689 4722 filius
1706 4647 1828 4742 effiagit
1845 4647 1997 4725 inferos,

1254 4823 1256 4830 .
1348 4751 1420 4846 Qui
1434 4765 1582 4846 propter
1600 4753 1764 4826 odiosum
1778 4747 1977 4822 thalamum

1346 4855 1508 4930 Perdidit
1520 4856 1696 4949 Pergama

1261 4957 1266 4966 ''
1346 4957 1498 5040 Troiae;
1523 4972 1670 5031 cruenta
1686 4979 1772 5030 vero
1790 4955 1836 5026 ad
1848 4949 1948 5022 Deae

1317 5105 1320 5114 ι
1345 5062 1502 5132 Palladis
1515 5063 1687 5156 templum
1703 5061 1875 5130 cadavera

1329 5262 1378 5329 58)
1397 5265 1498 5326 ctae]
1528 5262 1569 5314 sto
1591 5260 1675 5314 natet
1698 5261 1804 5314 recent.
1834 5268 1921 5322 seque
1945 5265 1979 5306 se
2000 5253 2050 5307 55.
2078 5249 2159 5304 nult.
2183 5237 2252 5295 15515

1363 5333 1447 5387 ratu
1465 5333 1557 5396 555,
1577 5331 1652 5382 issa.
1669 5329 1754 5382 555
1772 5321 1992 5392 (suemus).

1330 5415 1380 5484 55)
1400 5415 1490 5484 quen]
1509 5417 1552 5469 sto
1568 5413 1687 5481 sertam
1704 5411 1790 5468 nata.
1805 5412 1897 5477 1555,
1915 5409 1991 5463 tm.
2008 5417 2097 5473 qun.
