4600 5804
259 218 335 293 aas
383 262 386 270 ·
840 219 961 298 enan.
989 225 1100 298 nnn.
1128 221 1330 297 scuram
1357 215 1693 292 rntnotootcn
2061 178 2067 190 ’
2178 231 2231 303 ne
2275 315 2276 324 Ν

289 389 313 462 5
335 391 408 485 Qui
425 389 722 486 quadripartitam
741 393 856 464 noctis
872 396 1030 486 vigiliam
1349 391 1564 462 Desiderans
1579 417 1713 462 novum
1728 391 1875 485 aliquod
1893 393 2086 480 consilium,

314 493 442 565 Totius
457 493 628 563 exercitus
1349 494 1543 588 Nunquam
1559 493 1655 563 enim
1673 507 1777 562 antea
1791 494 1890 564 sicin
1903 508 2001 566 metu
2015 498 2076 568 fuit

316 599 408 667 Ante
425 597 603 664 civitatem
621 595 819 665 Troianam
833 601 989 670 sedendo
1007 605 1151 690 obeunt,
1348 596 1518 666 Nauibus
1536 597 1718 668 exercilus·

315 699 420 796 Splve
436 710 570 768 trucem
589 700 708 768 sedem
725 700 990 792 palpebrarum.
1348 698 1430 766 Tibi
1445 699 1627 790 suspicans
1642 701 1800 769 futurum

317 801 492 894 Relinque
510 814 609 870 toros
624 795 726 870 humi
742 814 884 888 stratos,
1035 815 1039 822 '
1297 795 1348 868 50
1372 801 1510 870 Accessi
1524 802 1690 884 nuntius,
1716 824 1761 868 ne
1778 823 1938 893 unquam
2275 859 2276 908 p

267 909 314 976 10
341 903 492 985 Hector;
517 918 657 997 tempus
675 917 726 973 est
742 905 836 974 enim
854 907 989 976 andire.
1346 901 1514 996 Aliquam
1533 905 1793 974 accusationem
1811 903 1847 969 in
1866 929 1932 972 nos
1948 902 2052 974 dicas.
2275 911 2276 968 l

313 1011 408 1079 Hect.
432 1007 521 1098 Quis
539 1032 593 1090 es,
618 1005 754 1074 amice?
780 1008 856 1092 dic,
877 1011 955 1102 quis
971 1011 1043 1080 sis?
1348 1009 1442 1075 Hert.
1469 1003 1682 1097 Opportune
1699 1005 1844 1084 venisti,
1871 1029 2085 1098 quamquam
2101 1019 2236 1078 terrorem

2275 1113 2276 1140 l

2275 1171 2276 1204 l

315 1110 411 1200 Quid
430 1105 497 1178 hoc
513 1110 604 1200 signi
621 1107 695 1177 est?
1706 1106 1933 1178 denuntians.

313 1211 474 1304 Quinam
490 1237 553 1306 per
566 1223 706 1282 noctem
725 1213 770 1280 ad
786 1225 908 1284 nostra
1347 1208 1476 1280 Graeci
1491 1210 1586 1278 enim
1603 1235 1645 1278 ex
1663 1205 1730 1278 bac
1744 1221 1838 1280 terra
1854 1222 2028 1280 nocuuna
2042 1213 2119 1277 navi

279 1349 285 1360 ·
314 1313 451 1383 Cubilia
469 1309 788 1408 appropinquant?
809 1313 999 1383 dicendum
1018 1329 1079 1386 est.
1350 1309 1450 1380 Clam
1467 1337 1524 1380 me
1541 1313 1694 1382 soluturi
1711 1313 1858 1402 fugient.
2070 1317 2075 1330 '

268 1413 313 1486 15
346 1420 443 1490 Glor.
472 1417 605 1508 Vigiles
628 1417 812 1488 exercitus.
888 1421 983 1488 Hect.
1023 1419 1119 1510 Quid
1142 1419 1246 1490 atlers
1298 1408 1347 1484 55
1369 1413 1560 1484 Blanditur
1577 1410 1665 1482 mibi
1680 1427 1855 1484 nocturna
1872 1414 2030 1486 incensio
2046 1417 2176 1506 ignium.

673 1533 746 1588 tam
764 1519 1008 1590 turbulenter?
1348 1515 1382 1586 Ο
1397 1516 1477 1600 Dii,
1501 1517 1563 1612 qui
1577 1542 1635 1586 me
1649 1519 1848 1586 vincentem
1868 1519 2056 1589 fraudastis

314 1621 594 1696 cloussonosis
611 1623 744 1691 animo.
780 1625 877 1692 Hert.
894 1623 980 1692 Sum
998 1625 1094 1692 borao
1112 1624 1245 1694 animo.
1290 1695 1294 1702 ,
1349 1619 1507 1689 Leonem
1533 1621 1684 1711 praeda,
1720 1620 1929 1713 priusquam
1955 1621 2136 1692 exercitum
2158 1623 2240 1696 Grae·

592 1725 686 1794 Num
702 1724 830 1818 aliquis
848 1725 951 1795 dolus
967 1739 1017 1795 est
1033 1753 1051 1794 e
1067 1727 1245 1797 tenebris?
1705 1745 1828 1791 corum
2275 1791 2276 1810 χ

246 1849 247 1854 ’
318 1830 415 1899 Char.
437 1827 532 1897 Non.
1349 1823 1500 1894 Prorsus
1518 1827 1799 1916 consumpserim
1816 1819 1883 1892 bac
1900 1821 2014 1896 hasta.

314 1933 394 1999 1100.
419 1929 491 1997 Cur
503 1940 541 1996 tu
558 1926 764 2020 relinquens
781 1929 959 1999 custodias
1350 1925 1388 1992 Si
1405 1927 1500 1993 enim
1520 1927 1657 1996 lucidae
1671 1951 1745 1995 non
1761 1927 2018 1998 continuissent
2034 1953 2086 1996 me
2099 1929 2172 1998 solis
2275 1951 2276 2020 t

315 2031 456 2102 Turbes
474 2029 686 2113 exercitum,
709 2029 777 2098 nisi
794 2025 902 2102 babes
918 2033 1075 2125 aliquam
1300 2025 1349 2095 60
1371 2025 1576 2111 Flammae,
1595 2053 1669 2097 non
1687 2025 1922 2099 cohibuissem
1938 2031 2072 2100 felicem
2090 2054 2227 2120 pugnarn,
2275 2047 2276 2106 t

265 2137 315 2207 20
335 2133 557 2204 Nocturnam
574 2132 862 2202 nuntiationem?
880 2157 954 2204 non
970 2123 1036 2206 scis
1054 2136 1243 2206 exercitum
1349 2127 1564 2224 Priusquam
1581 2154 1690 2200 naves
1713 2131 1971 2216 incendissem‚
1995 2147 2030 2202 et
2049 2134 2239 2202 cucurrissem
2275 2135 2276 2206 ξ

314 2235 469 2326 Propter
487 2233 679 2325 Argivum,
704 2247 919 2308 nocturnum
937 2258 1004 2307 not
1707 2257 1771 2324 per
1786 2235 2027 2318 tabernacula,
2275 2221 2276 2240 ³

316 2337 439 2410 Cubile
457 2333 589 2406 habere
607 2337 645 2404 in
662 2335 796 2409 armis?
1350 2333 1566 2406 interficiens
1581 2335 1737 2406 Graecos
1753 2332 1819 2404 hac
1837 2349 1983 2407 cruenta
2000 2361 2117 2406 manu.

316 2443 413 2513 Giton.
437 2437 548 2508 Arma
565 2439 692 2523 socios,
1348 2435 1425 2528 Ego
1442 2438 1585 2532 quidem
1603 2459 1700 2508 eram
1715 2451 1903 2531 promptus
1917 2462 2077 2531 pugnare

311 2542 412 2613 Vade
430 2545 476 2612 ad
491 2541 620 2613 cubilia
636 2541 802 2614 aliorum.
1145 2516 1156 2548 Ι
1349 2537 1468 2608 Etiam
1487 2553 1615 2625 noctu,
1640 2555 1675 2610 et
1690 2542 1743 2611 uti
1758 2543 1912 2612 secundo
1928 2543 2065 2634 impetn
2080 2537 2156 2618 nee

262 2644 312 2721 25
336 2644 481 2738 lmpelle
498 2642 656 2729 hastam,
666 2645 811 2735 levare,
831 2645 941 2715 excita
958 2668 978 2712 a
995 2665 1135 2728 somno,
1300 2637 1349 2712 65
1373 2641 1506 2714 Verum
1523 2644 1700 2736 sapientes
1717 2667 1774 2713 me
1792 2659 1828 2713 et
1842 2645 1964 2715 divina
1981 2645 2125 2718 scientes

230 2739 233 2748 ¹
314 2747 418 2817 Mitte
435 2747 588 2831 amicos,
614 2760 654 2818 nt
670 2749 815 2816 veniant
831 2749 868 2816 in
884 2760 981 2817 tuam
999 2743 1195 2831 cohortem,
1349 2741 1456 2816 Vates
1473 2761 1726 2838 persuaserunt
1739 2762 1925 2838 expectare
1946 2746 2067 2818 lumen
2085 2745 2159 2827 dici,
2275 2797 2276 2802 η

312 2849 452 2920 induite
471 2849 716 2943 eqnisfrenos.
932 2851 939 2864 '
1347 2845 1393 2916 Et
1414 2847 1541 2918 deinde
1563 2851 1744 2919 neminem
1764 2841 1987 2922 Graecor'um
2009 2853 2047 2920 in
2066 2863 2152 2921 terra
2165 2843 2241 2914 rel'n·
2275 2861 2276 2876 ¹

314 2952 404 3046 Quis
419 2954 520 3022 vadit
537 2954 581 3021 ad
597 2947 910 3041 Panthoedamtt?
928 2963 990 3019 aut
1005 2952 1051 3018 ad
1232 2947 1235 2954 ’
1711 2977 1831 3046 quere.

312 3055 448 3127 Ducem
465 3053 658 3150 Lyciorum
666 3055 719 3151 ⁷),
740 3053 802 3150 qni
818 3078 861 3123 ex
872 3049 1020 3145 Europa
1035 3066 1140 3124 natus
1157 3054 1233 3125 est?
1345 3050 1407 3123 isti
1423 3077 1508 3123 vero
1525 3077 1599 3122 non
1616 3069 1802 3147 expectant
1816 3076 1979 3126 meorum
1996 3068 2115 3127 vatum

152 3169 166 3182 ⁶
264 3161 314 3231 30
335 3159 408 3230 Ubi
426 3169 509 3230 sunt
523 3158 740 3251 inspectores
756 3153 1008 3228 victimarum?
1347 3152 1464 3227 Uicta.
1518 3155 1709 3240 „ln'nocte
1725 3155 1894 3251 fugitivus
1909 3161 2062 3230 multum
2080 3155 2172 3226 valet
2275 3161 2276 3180 ¹

313 3263 385 3332 Ubi
399 3277 483 3334 sunt
499 3262 635 3332 tribuni
650 3263 810 3354 peditum
828 3260 915 3332 levis
931 3259 1159 3330 armaturae?
1298 3257 1347 3328 70
1376 3257 1498 3352 Quare
1526 3281 1632 3354 quam
1660 3261 1817 3352 primum
1842 3273 1986 3354 oportet
2009 3263 2155 3332 indicere
2172 3273 2242 3324 exer·
2275 3259 2276 3348 ζ

218 3411 227 3430 .
300 3364 386 3433 ·Ubi
401 3365 574 3455 sagittarii
589 3359 797 3456 Phrygum?
847 3408 851 3428 ·
1704 3364 1802 3446 citui,
2233 3375 2240 3398 ’
2275 3355 2276 3372 ³

312 3463 450 3556 lungite
465 3479 634 3536 cornutos
650 3489 752 3536 arcus
767 3463 897 3532 nervis.
1352 3459 1403 3530 Ut
1417 3477 1560 3532 sumant
1577 3489 1698 3548 arma,
1719 3478 1754 3534 et
1771 3478 1907 3536 cessent
1922 3489 1943 3534 a
1958 3491 2099 3548 somno,

312 3572 407 3639 Hect.
429 3567 567 3636 Partim
584 3567 728 3638 nuntias
742 3565 914 3634 terribilia
932 3563 1070 3648 auditu,
1347 3565 1398 3634 Ut
1415 3565 1543 3658 aliquis
1556 3561 1713 3638 bostium
1732 3569 1770 3636 in
1784 3592 1912 3638 navem
1930 3568 2102 3653 insiliens,
2275 3553 2276 3636 l

263 3667 313 3741 55
336 3670 473 3740 Partim
490 3671 627 3740 animas
644 3695 720 3754 me,
742 3663 833 3736 nihil
846 3680 966 3738 tamen
983 3667 1129 3761 liquide.
1346 3664 1387 3735 ln
1402 3681 1500 3758 tergo
1516 3669 1689 3740 laceratus
1702 3671 1913 3742 madefaciat
1930 3673 2043 3745 scalas
2057 3666 2215 3760 sangnissb
2275 3675 2276 3740 t

312 3773 407 3846 Num
423 3773 583 3843 Saturnii
599 3771 707 3844 Panis
721 3769 875 3841 tremulo
1346 3769 1419 3838 Alii
1432 3770 1470 3838 in
1484 3770 1620 3865 laqueis
1637 3772 1746 3841 vincti
1761 3787 1797 3844 et
1812 3774 1906 3864 capti
2275 3767 2276 3776 ³

311 3875 469 3968 Flagello
485 3877 756 3968 perterrefactus
764 3870 809 3970 ⁸),
823 3875 988 3946 deserens
1007 3871 1182 3954 cacurbitis,
1296 3867 1345 3940 75
1366 3867 1552 3966 Phrygum
1567 3899 1671 3966 agros
1687 3875 1826 3946 discant
1840 3899 1955 3947 arare.

311 3979 503 4050 Perturbas
528 3977 745 4050 exercitum?
781 3976 867 4072 quid
888 3973 1071 4067 trepidas?
1101 3975 1187 4069 quid
1211 3986 1244 4042 te
1348 3977 1445 4048 Glor.
1469 3975 1621 4062 llector,
1637 4001 1828 4068 properus,
1845 3977 2052 4073 priusquam
2068 3961 2242 4060 scias‚q11id

666 4082 781 4151 dicam
1257 4079 1262 4090 ’
1705 4094 1843 4170 agatur.
2275 4139 2276 4158 ,

309 4182 404 4252 Novi
418 4182 611 4252 nuntiare?
626 4184 737 4252 multa
755 4179 947 4250 enimcum
963 4179 1063 4262 dicis,
1346 4179 1476 4248 Utrum
1492 4179 1621 4250 Graeci
1638 4179 1794 4271 fugiant,
1810 4185 1971 4252 nondum
1986 4181 2118 4277 liquide
2131 4175 2241 4248 scimus
2275 4219 2276 4240 t

260 4285 308 4356 40
329 4278 429 4354 Nihil
444 4296 562 4354 lamen
583 4285 676 4353 clare
691 4282 858 4358 ostendis·
1345 4286 1440 4352 Hect.
1462 4282 1617 4374 Propter
1641 4308 1751 4378 quam
1774 4286 1882 4354 aliam
1907 4310 2049 4355 causam
2073 4277 2241 4351 incenderet

311 4388 408 4459 Geor.
430 4385 542 4455 Lucet
555 4386 696 4476 ignibus
713 4384 886 4454 exercitus
901 4379 1055 4472 Argivus
1088 4442 1092 4450 Ι
1705 4399 1900 4458 nocturnos
1915 4389 2015 4478 ignes
2033 4373 2210 4456 exercitus?
2275 4383 2276 4468 ᾗ

308 4488 379 4557 Per
393 4500 505 4557 totam
523 4500 678 4570 noctem,
1346 4487 1442 4557 Clter.
1470 4485 1615 4565 Nescio;
1632 4483 1721 4555 mihi
1738 4503 1858 4560 tamen
1874 4515 1930 4560 res
1945 4500 2104 4583 suspecta
2121 4495 2175 4554 est.
2275 4485 2276 4522 ³

306 4589 355 4661 Et
367 4590 515 4662 navium
536 4591 706 4661 stationes
722 4589 849 4658 ardent
866 4583 1048 4668 divinitus,
1294 4589 1342 4658 80
1369 4592 1463 4658 Heu.
1486 4587 1522 4657 si
1538 4584 1606 4656 hoc
1622 4589 1741 4674 times,
1764 4594 1886 4664 omnia
1903 4593 2018 4664 times.

305 4691 353 4763 Et
368 4707 463 4765 totus
478 4694 649 4765 exercitus
671 4691 805 4763 accedit
821 4691 866 4758 ad
882 4682 1163 4777 Agamemnonis
1344 4691 1441 4763 fider.
1465 4686 1634 4761 Nondum
1658 4706 1764 4762 antea
1781 4687 1900 4766 hostes
1916 4693 2165 4768 succenderunt
2183 4697 2238 4752 tan·
2275 4775 2276 4786 ἵ

256 4790 306 4866 45
330 4795 617 4868 'sabernaculum
633 4809 838 4866 nocturum
856 4789 1024 4871 tumultu,
1549 4803 1553 4814 '
1698 4809 1774 4865 tum
1789 4798 1919 4890 ignem,
2230 4879 2236 4894 ¹
2275 4801 2276 4858 ζ

259 4973 461 4988 -......-...
1340 4899 1434 4965 neu.
1461 4892 1581 4962 Etiam
1604 4919 1791 4991 nunquam
1813 4915 1895 4972 ante
1922 4912 1995 4969 tam
2021 4899 2163 4991 turpiter
2176 4887 2237 4956 victa
2275 4891 2276 4908 ¹

284 5061 316 5129 6)
335 5063 534 5124 Peotlroedam]
554 5064 615 5117 truie
634 5063 735 5116 tromlnt
754 5057 981 5115 indultam,
1001 5057 1076 5138 tm:
1094 5055 1236 5119 adscripta
1589 5101 1597 5114 ,
1699 5015 1793 5072 sunt’
2097 5101 2106 5118 ,
2217 5085 2223 5100 .

320 5136 366 5182 eet
383 5134 449 5181 nota
465 5133 701 5196 narg.:1>nnttot
720 5123 1119 5198 [Ed.t558.l’entbet]tlrum
1140 5126 1163 5175 1.
1175 5122 1234 5172 Eu·
1338 5099 1436 5169 Odor.
1463 5097 1541 5168 Tua
1562 5112 1693 5170 Vtrlttle
1714 5097 1784 5172 ltoc
1808 5117 1943 5195 gestum
1967 5115 2040 5188 etl,
2062 5115 2159 5173 etlam
2175 5087 2234 5161 Nil·

315 5201 452 5264 proruam.
1691 5229 1761 5300 qua
1780 5209 1934 5280 consule.

282 5281 613 5416 tlgfflnbyotorun]
632 5285 657 5337 h.
676 5284 696 5336 1.
719 5283 829 5336 inliso.
848 5279 931 5332 nutu.
951 5279 1232 5344 antemuranum·
1289 5281 1295 5288 ’
1333 5307 1427 5373 ΗΜ.
1468 5301 1655 5395 „simplex
1681 5307 1796 5376 oratio
1830 5323 1882 5380 est
1906 5322 2031 5380 contra
2056 5303 2164 5378 hoste,
2191 5313 2231 5362 ῃ.

281 5430 313 5494 a)
332 5437 367 5492 fl.
385 5438 403 5488 t.
422 5437 450 5486 tn
467 5435 518 5486 Ed.
539 5435 614 5484 totto.
634 5435 700 5484 uota
717 5445 820 5498 marg:
838 5433 957 5483 Punicus
974 5433 1078 5486 terror.
1691 5433 1790 5480 mare
1805 5435 1942 5488 manus.
