4600 5804
57 221 120 304 ur
461 207 600 292 nrm
650 171 1374 296 mammaranomecinnuu
1392 217 1647 296 corutum
1993 229 2068 313 m

99 385 282 481 Tanquam
299 385 638 489 intermulieres'),
651 400 900 490 propterquas
915 393 1024 468 etiam
1078 391 1155 470 tto
1187 398 1272 468 Pete.
1302 393 1400 466 llaec
1423 417 1512 470 vero
1547 415 1649 468 sacra
1680 409 1792 472 noeto
1828 418 1877 472 an
1909 399 2070 480 instate

444 487 587 566 Thebas
601 495 743 570 venisti.
1489 498 1601 572 lacis?

58 590 122 669 456
159 590 268 663 Coma
302 602 363 664 toa
389 594 550 686 prolixa,
588 621 664 668 non
698 596 738 670 in
769 601 948 696 palaestra
973 602 1024 674 ita
1127 603 1213 674 Boe.
1240 599 1360 675 Noctu
1382 599 1599 695 plurimum
1622 603 1792 676 tenebrae
1816 557 1913 678 enim
1933 601 2069 681 habent

449 711 605 792 compta,
1489 702 1626 798 aliquid
1642 708 1876 780 reverentiae.

98 797 192 869 Circa
206 797 426 890 genesim,
449 801 556 893 plena
572 827 708 877 amore.
1128 811 1211 879 Pon.
1232 803 1331 878 lstud
1356 828 1441 898 ergo
1457 805 1666 878 mulieribus
1687 809 1852 882 dolosum
1867 823 1920 883 est
1940 824 1977 883 et
1989 813 2068 884 lan-

95 901 218 972 Albom
257 923 345 972 vcro
385 903 544 974 colorem
578 929 634 978 er.
655 909 855 1002 composito
888 911 1022 982 sachun
1405 935 1408 942 ·
1492 906 1654 1000 guidum.

294 1037 297 1044 ·
449 1001 571 1092 habes,
770 1097 774 1104 Ι
1124 1015 1210 1083 Boc.
1223 1009 1344 1082 Etiam
1359 1008 1518 1080 interdiu
1532 1009 1672 1082 invenit
1683 1010 1813 1107 aliquis
1827 1015 1947 1108 turpia
1961 1018 2068 1094 iactu

95 1105 171 1180 llon
186 1103 296 1176 radiis
312 1104 417 1190 solis,
437 1109 553 1180 sedin
568 1111 698 1182 umbra
1126 1119 1210 1186 Pers.
1250 1113 1305 1184 ‘re
1334 1137 1421 1184 vero
1445 1135 1601 1205 poenam
1633 1115 1719 1184 dare
1749 1128 1893 1208 oportet
1918 1132 2068 1212 propter

94 1207 262 1278 Venerem
280 1203 548 1300 pulchritudine
560 1226 691 1306 captas.
1487 1213 1599 1307 impio
1617 1211 1852 1307 sophismata.

53 1309 118 1384 400
137 1309 202 1380 Dic
214 1305 305 1381 mihi
317 1311 497 1405 primum,
521 1315 689 1411 quisnam
703 1315 751 1388 sis
765 1316 918 1408 genere?
1074 1313 1151 1390 400
1181 1321 1268 1392 Boo.
1295 1317 1349 1388 Te
1372 1339 1458 1388 vero
1481 1329 1633 1410 propter
1657 1319 1912 1406 stoliditatem,
1939 1321 2005 1416 qui
2031 1347 2067 1396 cs

94 1417 173 1486 Bao.
194 1413 299 1486 Absit
314 1418 540 1509 arrogantia3
561 1419 665 1493 facile
681 1431 734 1492 cst
750 1414 820 1490 hoc
833 1420 983 1496 dicerer
1481 1419 1613 1511 impius
1627 1445 1710 1513 erga
1727 1421 1859 1496 Deum.
1951 1483 1954 1488 .

93 1517 258 1588 'l’molum
271 1517 405 1590 novisti
420 1533 588 1592 ornatum
606 1521 781 1596 floribus?
1125 1526 1210 1592 Pers.
1226 1519 1346 1615 Quam
1361 1521 1462 1591 feror
1479 1535 1532 1592 est
1546 1520 1815 1598 istellacchicus
1831 1525 2065 1624 sacerdos⁸¹),

92 1623 169 1691 Pon.
192 1620 308 1705 Novi,
330 1623 393 1716 qui
408 1623 538 1696 Sardes
554 1624 805 1698 circumdatio
822 1625 960 1696 orbem.
1482 1647 1600 1718 neque
1616 1625 1803 1718 imperitus
1819 1651 2041 1712 sermonum.

92 1725 170 1794 Bao.
194 1719 282 1794 lude
297 1748 388 1796 rum.
439 1723 554 1821 Lydia
568 1752 655 1802 vero
673 1725 763 1802 mihi
777 1739 830 1800 est
844 1725 975 1820 patria.
1123 1727 1208 1796 Boo.
1245 1719 1374 1807 Dicas,
1417 1723 1506 1818 quid
1538 1740 1705 1819 oporteat
1733 1729 1917 1822 patine,
1955 1755 2066 1824 quam

52 1821 115 1896 465
136 1831 217 1897 Pers.
242 1826 349 1899 Unde
363 1823 453 1900 haee
468 1853 568 1902 sacra
584 1834 701 1908 adfers
717 1831 757 1902 iu
774 1825 990 1902 Graeciam?
1483 1851 1640 1920 poenam
1654 1827 1745 1900 mihi
1760 1830 1918 1904 statues?

92 1931 169 2000 Boe.
193 1925 355 2004 Bacchus
371 1955 438 2002 nos
454 1931 631 2022 initiavit,
653 1935 746 2008 lilius
763 1931 870 2006 lovis.
1006 1971 1011 1980 ·
1126 1934 1209 2001 Pers.
1239 1924 1365 1999 Primo
1380 1929 1587 2020 praecidam
1602 1934 1752 2004 mollem
1765 1933 1936 2026 capillum
1951 1947 2067 2008 torm.

92 2035 170 2103 Pro.
193 2029 260 2106 Est
281 2032 332 2104 ibi
356 2033 486 2131 aliquis
500 2033 656 2128 Iupiter,
679 2038 742 2133 qui
764 2037 889 2130 gignat
907 2055 1024 2105 novos
1124 2035 1210 2104 Boc.
1233 2031 1341 2104 Sacer
1359 2043 1412 2102 est
1427 2033 1595 2125 capillus,
1616 2048 1653 2106 et
1667 2035 1747 2106 Deo
1765 2036 1883 2130 ipsum
1899 2043 2033 2122 nutrio.
2045 2065 2062 2122 ·,

443 2137 564 2210 Deos?
1075 2131 1274 2226 4951Pen.
1310 2130 1449 2204 Deinde
1482 2132 1645 2229 thyrsum
1677 2133 1774 2210 hunc
1804 2141 1908 2213 trade
1927 2163 1970 2210 er
1990 2162 2067 2210 rna·

92 2241 169 2310 ttae.
197 2236 301 2322 Nom
331 2241 395 2312 red
423 2241 486 2336 qui
514 2237 574 2313 hic
604 2242 779 2317 Semelem
810 2239 927 2314 iunxit
955 2237 1025 2312 sibi
1487 2238 1624 2318 nibus..

448 2345 595 2436 nuptiis.
1126 2341 1210 2412 Bao.
1239 2335 1318 2432 lpse
1350 2353 1391 2412 tu
1412 2335 1504 2411 mihi
1535 2341 1651 2433 eripe;
1683 2336 1780 2413 hunc
1806 2342 1903 2412 enim
1924 2339 2067 2415 Baccho

93 2445 169 2515 Pon.
190 2444 324 2516 Utrum
339 2459 448 2517 noctu
465 2458 500 2516 te
519 2470 565 2518 an
581 2446 739 2523 interdiu
755 2441 952 2542 coegit⁸⁸)?
1491 2443 1582 2513 fero·
1999 2518 2003 2528 .

53 2543 114 2617 tto
136 2551 220 2620 Boe.
251 2547 410 2622 Cernens
434 2562 660 2632 cernentem
703 2563 740 2621 et
764 2547 914 2620 tradidit
935 2542 1026 2616 haec
1128 2548 1211 2615 Per.
1234 2543 1354 2614 Tuom
1372 2567 1502 2638 corpus
1519 2545 1718 2618 custodiam
1737 2545 1776 2616 in
1792 2545 1956 2618 vinculis.
2054 2597 2059 2633 2

444 2674 557 2726 sacra.
1127 2651 1212 2719 Bae.
1237 2646 1360 2717 Solvet
1373 2670 1432 2718 me
1445 2645 1544 2719 Deus
1558 2646 1709 2733 iterum,
1727 2673 1808 2720 cum
1825 2673 1891 2740 ego
1906 2648 2070 2718 voluero.
2217 2645 2223 2654 '

92 2756 168 2824 Per.
193 2752 295 2824 llaec
309 2753 466 2850 orgiafl)
481 2775 575 2851 quac
590 2767 693 2842 sunt,
716 2767 751 2826 et
765 2777 874 2850 quam
890 2749 1027 2824 habent
1129 2753 1212 2820 Pers.
1227 2749 1384 2843 Quando
1401 2748 1547 2822 vocabis
1563 2773 1658 2832 eum,
1674 2763 1770 2823 stans
1788 2751 1883 2822 inter
1897 2742 2070 2820 Bacchas.

325 2901 331 2916 ·
450 2856 631 2928 sormam?
1078 2848 1154 2923 500
1177 2854 1264 2925 Boc.
1286 2849 1335 2922 Et
1356 2876 1453 2924 nunc
1478 2875 1572 2947 quae
1592 2855 1735 2946 patior,
1755 2854 1854 2925 videt
1876 2875 1990 2946 prope
2007 2850 2069 2921 ad-

92 2959 168 3030 tae.
184 2958 273 3033 Non
287 2957 437 3028 dicenda
453 2983 529 3030 nou
545 2955 889 3033 initiatisBacchicis
904 2953 1026 3030 sooria
1496 2967 1606 3028 stans.

96 3063 172 3132 Pon.
196 3061 298 3156 Quid
312 3063 391 3155 opis
406 3063 688 3135 sacrificantibus
705 3059 899 3134 adierunt?
1128 3060 1213 3129 Per.
1239 3053 1287 3126 Et
1309 3056 1373 3126 ubi
1395 3056 1474 3128 est?
1500 3080 1576 3126 non
1600 3057 1696 3128 enim
1718 3057 1933 3150 conspicuus
1957 3053 2069 3141 oculis

94 3165 171 3236 liae.
193 3164 281 3238 Nou
298 3177 350 3236 est
367 3166 419 3238 sis
433 3179 469 3235 te
483 3166 627 3247 audire;
648 3178 732 3240 sunt
745 3179 866 3237 autern
881 3160 1026 3254 cognitu
1491 3158 1591 3230 meis.

447 3269 569 3362 digna.
1127 3263 1213 3332 Boc.
1237 3257 1399 3341 Mecum
1420 3273 1459 3331 tu
1473 3283 1556 3334 cum
1571 3261 1665 3353 ipius
1678 3259 1744 3343 sis,
1764 3284 1840 3332 non
1856 3260 1957 3334 vides
1973 3283 2068 3356 corp.

54 3362 116 3438 476
140 3375 222 3444 Pers.
249 3369 359 3442 Recte
373 3368 443 3443 hoc
459 3372 608 3458 fucasti,
630 3384 671 3443 ut
685 3372 794 3464 velim
811 3367 966 3441 audire..
1130 3368 1214 3436 Pe».
1232 3358 1499 3455 Comprehendi
1516 3377 1571 3446 te;
1586 3363 1785 3436 contemnit
1792 3388 1851 3436 me
1867 3376 1904 3436 et
1911 3359 2069 3436 Thebas.

92 3474 168 3546 ttae.
192 3473 295 3546 Deus
309 3474 387 3546 odit
401 3475 511 3569 impie
527 3477 766 3548 celebrantem
785 3473 898 3566 orgia.
1127 3470 1214 3540 Boe.
1236 3464 1315 3558 Ego
1331 3489 1438 3539 sanos
1454 3467 1557 3538 vobis
1579 3467 1781 3540 errantibus
1802 3465 1926 3553 edico,
1948 3489 1995 3536 ue
2008 3486 2068 3534 me

93 3578 169 3648 Per.
201 3577 264 3648 'l’u
285 3577 372 3650 dicis
396 3590 431 3649 te
451 3578 580 3651 vidisse
601 3577 719 3650 Deum
739 3577 879 3670 palam;
908 3567 1027 3668 quella
1496 3569 1624 3663 ligetis.
1980 3637 2001 3664 1,,

453 3680 554 3752 erat?
664 3679 665 3684 ’
1079 3668 1156 3745 605
1169 3675 1253 3744 Pon.
1267 3667 1345 3762 Ego
1362 3671 1574 3764 veroligare
1590 3685 1636 3756 te,
1650 3672 1806 3766 qmsum
1814 3668 2068 3765 praestantior.

92 3779 168 3852 Boc.
199 3781 329 3878 Qualis
344 3783 477 3864 voluit;
511 3806 587 3853 non
603 3784 699 3856 enim
721 3805 786 3874 ego
810 3777 1026 3848 ordinabam
1128 3777 1213 3848 Bac.
1230 3773 1771 3868 Nonrcis,q1¹odvivis.;neque
1788 3775 1900 3860 vides,
1917 3772 1999 3868 quis
2010 3769 2070 3846 sir.

451 3880 532 3958 hoc.
1128 3883 1213 3948 Pers.
1239 3871 1592 3966 Pentheus,Agaves
1605 3875 1699 3948 lilius
1715 3899 1759 3946 er
1775 3889 1878 3968 patre
1893 3869 2069 3948 Echione.

93 3985 170 4058 Pon.
210 3984 291 4058 lloc
323 4001 416 4060 certe
443 3998 707 4082 praetervectus
730 4011 787 4075 es,
823 3984 915 4055 beno
934 3975 1027 4052 nihil
1129 3983 1214 4052 Boe.
1238 3975 1392 4050 ldoneus
1405 4001 1442 4048 es
1458 3972 1592 4048 habere
1608 3976 1742 4047 malam
1762 3979 1947 4050 fortunam
1969 3977 2067 4050 imo

451 4092 585 4166 dicens.
1490 4103 1624 4150 nomen
1642 4079 1812 4178 tuum⁸⁸).
1913 4137 1918 4158 ,

51 4181 116 4259 480
138 4193 222 4266 Boe.
248 4192 392 4278 „Recta
417 4195 541 4269 dicens
566 4196 662 4288 apud
686 4190 913 4284 imperitum,
939 4184 1028 4258 deli·
1128 4185 1214 4254 Pen.
1238 4182 1327 4265 Aah
1351 4181 1582 4275 constringite
1597 4206 1680 4256 eum
1694 4182 1793 4254 iuxta
1807 4195 1988 4279 equestre.

448 4322 530 4372 rare
545 4301 579 4370 ei
593 4297 749 4368 videtur.
1079 4281 1155 4359 610
1179 4286 1377 4379 praesepe,
1400 4299 1442 4358 ut
1455 4287 1577 4358 videat
1591 4286 1769 4359 tenebras.

94 4397 171 4470 Per.
221 4397 362 4474 Venisti
393 4403 553 4494 primum
583 4397 676 4489 hue,
716 4393 814 4472 hunc
845 4396 1027 4470 adducens
1129 4386 1183 4461 lbi
1199 4389 1309 4472 saltn
1336 4389 1423 4462 istas
1439 4411 1545 4475 vero,
1570 4413 1660 4485 quas
1674 4389 1822 4464 adducis

456 4505 599 4579 Deum?
1128 4491 1332 4564 Adiutrices
1347 4491 1455 4577 mali,
1481 4505 1544 4564 aut
1557 4495 1768 4578 vendemus,

94 4603 174 4677 Bac.
198 4605 294 4678 Tota
308 4608 409 4702 regio
425 4608 613 4681 barbarica
626 4608 734 4680 saltat
747 4599 838 4676 haec
853 4599 967 4704 orgia.
995 4585 998 4592 ⁵
1129 4596 1204 4668 Aut
1220 4621 1369 4668 manum
1386 4619 1406 4669 a
1423 4597 1577 4688 strepitu
1592 4591 1663 4668 hor
1675 4608 1711 4667 et
1719 4597 1848 4688 byrsae
1863 4589 1985 4663 sonitu

94 4707 172 4778 Pro.
193 4709 347 4804 Sapiont
363 4711 465 4806 peior
478 4711 647 4792 omuibus
661 4707 819 4798 Graecis.
1130 4697 1385 4793 compescens,
1408 4722 1546 4792 ponam
1561 4699 1709 4771 ancillas
1725 4698 1773 4766 ad
1788 4695 1908 4766 telem.

95 4808 175 4882 Boc.
199 4809 241 4882 lu
254 4809 322 4886 hac
336 4839 376 4887 re
392 4816 499 4908 longe
514 4815 659 4898 melion
672 4814 734 4884 sed
747 4811 843 4904 teges
859 4819 944 4883 sunt
956 4802 1027 4876 dis·
1079 4797 1155 4876 615
1185 4804 1270 4878 Boe.
1302 4801 1425 4885 Vado;
1454 4821 1539 4873 nam
1561 4801 1661 4895 quod
1677 4819 1754 4870 nou
1769 4809 1822 4872 est
1835 4794 1964 4879 fatale,
1993 4813 2070 4863 nou
2144 4855 2146 4862 ,

450 4919 595 4990 similes.
1491 4915 1697 4975 estnecesse

50 5027 244 5058 -ᾕ-ο-ι

83 5147 127 5216 ²⁹)
145 5153 283 5218 reaque
302 5150 542 5220 mensumn]
560 5147 800 5213 iteraturus,
821 5144 915 5211 wo
934 5147 1028 5212 ram,
1112 5161 1162 5226 rr)
1184 5154 1404 5210 taroanense·
1424 5151 1734 5214 amoeniorem.
1755 5151 1842 5214 ross„
1863 5148 1954 5199 troe-
1974 5147 2056 5196 rere.
2222 5187 2225 5192 .

112 5223 693 5286 ¹⁰⁸3?st⁰1¹⁶¹¹⁰¹¹0resatt¹deudao
1147 5232 1267 5290 neeges
1299 5226 1353 5276 tete
1383 5223 1523 5286 oenum
1558 5219 1632 5274 aas
1666 5223 1719 5274 nte
1751 5221 1897 5274 muster
1918 5181 2028 5276 (lusu.
2052 5177 2070 5261 l

85 5297 129 5369 ⁸⁰)
145 5303 249 5374 megtt]
266 5309 308 5360 sto
324 5309 407 5362 ram.
428 5308 521 5375 tm,
540 5307 632 5370 tmt
654 5305 730 5360 ton:
754 5302 883 5365 oonprllt
900 5301 940 5354 od
957 5301 1029 5356 tere
1147 5295 1281 5364 Βάκχος).
1898 5322 1904 5350 s

112 5371 220 5428 '‘ff‘'
1112 5382 1161 5450 rr)
1179 5385 1257 5436 luxu
1279 5393 1375 5436 nonen
1388 5375 1486 5446 suun]
1500 5379 1567 5430 saec
1586 5377 1614 5428 tn
1636 5365 2069 5442 narg.1ctitttaoa.‚¹oot.ste

78 5453 124 5524 ⁸¹)
139 5457 231 5526 ⁰¹8¹²J
254 5465 303 5516 lt
324 5461 400 5515 ¹⁵⁶2·
417 5461 513 5514 nendo
532 5463 661 5526 typogrc
678 5459 776 5525 ortgta
1149 5453 1334 5515 expttoentur:
1345 5447 1565 5506 nister-dolore
1581 5447 1646 5500 tude
1656 5445 1807 5510 Pentheus,
1820 5441 1899 5508 quen
1911 5439 2068 5492 dotorem.
