4700 5808
819 147 943 255 eun.
971 180 1085 254 areu.
1111 177 1316 254 scurra
1340 179 1681 256 rrunouocrcu

548 359 604 425 De
629 355 880 427 altitudinibus.

315 504 555 577 Altitudinum
572 508 798 599 planetarum
813 511 906 578 ratio
921 503 1009 576 haec
1026 519 1090 577 est.
1123 505 1214 576 Cum
1312 559 1319 574 .

216 609 279 680 sot
295 609 472 700 ingressus
486 608 667 694 Arietem,
695 614 741 680 ad
759 625 897 704 partem
917 611 1006 679 coeli
1029 608 1214 681 sublimio·
1266 661 1275 678 .

215 735 293 782 rem
311 737 432 782 versus
456 713 592 781 Arcton
617 715 780 798 accedat,
813 728 849 784 et
872 715 909 784 in
937 712 1046 781 Libra
1070 713 1214 780 descen·

214 816 277 884 dat
291 816 336 884 ad
344 813 535 897 Austrum,
561 817 815 887 convenienter
829 818 861 887 ei
878 817 1030 887 altitudo
1046 816 1084 882 in
1092 813 1214 883 Ariete

216 919 387 988 attributa
409 930 481 1000 est,
508 943 589 986 cum
605 919 680 989 dies
696 934 779 988 tunc
798 932 980 1002 crescant,
1011 931 1045 988 et
1060 917 1123 986 Sol
1140 939 1213 984 ma-

216 1020 269 1110 gis
301 1021 491 1090 calefacere
520 1045 673 1112 corpora
708 1022 867 1114 incipiat.
926 1021 1082 1090 Econtra
1113 1043 1213 1102 vero,

216 1124 255 1190 in
269 1120 378 1192 Libra
403 1135 553 1214 propter
574 1125 794 1194 contrariam
817 1149 959 1196 causam
984 1123 1134 1194 deiectio
1161 1135 1214 1192 est

216 1224 322 1297 Solis.

318 1344 474 1414 Saturno
490 1355 608 1433 autem
629 1341 737 1412 Libra
756 1343 925 1414 attributa
945 1357 1015 1425 est,
1042 1358 1100 1427 ut,
1123 1343 1214 1414 sicut

135 1433 140 1443 Χ
215 1448 255 1518 ἰιι
277 1445 488 1528 domiciliis,
529 1445 578 1513 ita
604 1441 662 1515 hic
686 1471 830 1540 quoque
853 1447 1073 1517 contrarium
1093 1447 1210 1518 locum

215 1562 353 1630 teneat;
395 1548 498 1618 Aries
530 1560 649 1617 autem
681 1549 790 1640 ipsius
813 1550 964 1618 deiectio
988 1563 1051 1621 est.
1118 1549 1211 1620 Nam

214 1655 277 1724 ubi
306 1654 404 1722 calor
434 1651 652 1735 intenditur,
692 1653 743 1719 ihi
772 1653 907 1722 remitti
937 1653 1047 1743 lrigus
1071 1675 1211 1722 necesse

216 1770 286 1840 estj
314 1769 350 1824 et
363 1778 486 1824 rursus
504 1753 565 1823 ubi
583 1756 680 1823 calor
696 1755 923 1837 diminuitur,
949 1755 1060 1846 frigus
1076 1755 1212 1826 crescit.

216 1859 307 1930 Cum
327 1869 444 1926 autern
460 1852 562 1924 Luna
581 1869 662 1948 post
682 1855 971 1952 coniunctionem
986 1859 1079 1928 Solis
1102 1858 1139 1926 in
1162 1858 1212 1926 al-

215 1960 387 2042 titudine,
414 1959 578 2028 videlicet
594 1961 632 2028 in
648 1953 770 2030 Ariete
786 1961 964 2051 primum,
999 1962 1128 2030 deinde
1150 1985 1212 2052 ap-

215 2075 341 2156 pareat
357 2076 391 2131 et
411 2063 513 2154 quasi
529 2063 719 2133 extollatur
736 2064 773 2131 in
793 2063 935 2146 Tauro,
962 2065 1133 2156 trianguli
1156 2062 1212 2134 sui

201 2165 396 2259 principe,
420 2164 563 2236 Taurus
580 2165 732 2236 altitudo
750 2166 825 2236 eius
844 2161 1071 2259 perhibetur,
1095 2167 1211 2236 eidem

214 2269 422 2362 oppositum
437 2267 578 2358 signum
594 2268 764 2360 Scorpius
780 2269 944 2339 deiectio.

317 2387 453 2480 lupiter
481 2401 622 2471 autem,
668 2413 749 2459 cum
782 2388 937 2459 maxime
968 2390 1059 2458 cieat
1085 2402 1212 2458 ventos

215 2492 444 2586 aquilonares
468 2503 503 2560 et
528 2492 744 2575 foecundos,
789 2493 885 2562 etin
909 2492 1049 2562 Cancro
1071 2495 1116 2561 ad
1139 2492 1211 2561 Bo-

213 2619 314 2666 ream
339 2594 501 2685 proxime
530 2597 693 2677 accedat,
736 2608 771 2664 et
798 2597 872 2664 vim
902 2621 1002 2666 suam
1035 2597 1085 2664 ibi
1114 2618 1212 2664 exer·

215 2711 311 2768 ceat:
351 2696 488 2766 Cancer
511 2695 587 2765 eius
610 2695 763 2766 altitudo
795 2711 869 2780 est,
911 2711 946 2766 et
969 2695 1211 2791 Capricornus

214 2798 379 2870 deiectio.

316 2915 474 2986 Econtra
498 2916 599 2986 Mars
621 2927 750 2986 natura
776 2933 959 2990 aestuosus
981 2931 1016 2988 et
1038 2919 1151 3012 magis
1174 2918 1212 2987 in
1264 2968 1380 3040 riatur
1397 2969 1492 3038 idem
1513 2993 1683 3040 numerus

1179 3021 1188 3038 ‚
1686 3019 1696 3042 .

215 3019 458 3112 Capricorno,
500 3019 562 3113 qui
589 3019 695 3088 etiam
717 3043 761 3088 eo
785 3036 838 3092 est
866 3021 1085 3106 aestuosior,
1127 3046 1211 3117 qnia

213 3123 329 3215 magis
353 3122 518 3194 australis
540 3134 603 3193 est.
663 3119 749 3192 ldeo
772 3125 938 3218 opposita
960 3123 1037 3195 lovi
1058 3124 1211 3202 altitudo

214 3227 254 3298 in
283 3226 505 3318 Capricorno
534 3226 567 3294 ei
599 3227 792 3296 constituta
827 3242 897 3312 est,
938 3228 1089 3299 deiectio
1123 3253 1211 3298 vero

216 3329 367 3402 Cancer.

316 3447 439 3518 Venus
457 3460 576 3518 autem
591 3461 721 3518 natura
744 3444 953 3521 humectans
978 3464 1013 3521 et
1036 3451 1149 3543 magis
1174 3475 1212 3520 m

213 3551 395 3634 Piscibus,
416 3551 512 3621 unde
528 3547 722 3622 humiditas
737 3553 891 3622 vernalis
909 3565 1077 3644 augetur,
1102 3567 1137 3624 et
1148 3543 1213 3626 'ubi

216 3653 338 3725 Venus
362 3653 537 3724 maiorem
562 3653 634 3722 vim
661 3668 818 3738 exercet,
854 3655 1078 3727 altitudinem
1104 3653 1213 3728 habet

160 3837 163 3844 ‚
215 3759 255 3828 in
270 3757 453 3841 Piscibus,
478 3756 713 3826 deiectionem
731 3781 815 3827 vero
833 3758 870 3826 in
885 3756 1046 3851 Virgine.

315 3877 518 3950 Mercurius
532 3900 617 3947 vero
635 3875 791 3960 aridior,
823 3892 973 3970 propter
994 3879 1213 3949 contrariam

215 3996 405 4067 naturam,
442 3980 482 4050 in
505 3979 607 4072 signo
631 3979 797 4073 opposito
821 3981 1046 4051 altitudinem
1072 3981 1213 4074 accipit,

216 4087 256 4156 in
278 4085 448 4176 Virgine,
489 4083 528 4152 iu
560 4105 630 4177 qua
663 4084 827 4155 autumni
849 4083 988 4157 siccitas
1017 4085 1212 4179 impendet.

215 4187 374 4262 Econtra
390 4187 429 4256 in
443 4186 604 4256 Piscibus
619 4187 774 4257 deiectus
789 4185 891 4258 iacet.

603 4386 659 4454 De
680 4382 819 4473 finilia.

321 4533 377 4604 De
398 4533 528 4604 linibus
551 4535 682 4628 duplex
706 4535 869 4605 doctrina
892 4535 1064 4608 traditur:
1101 4536 1211 4605 altera

2211 185 2261 262 82

1267 353 1431 424 altitudo.
1496 353 1660 448 Exempli
1688 379 1814 442 causa,
1855 356 1885 428 si
1908 355 2175 428 domiciliorum
2197 357 2261 426 do-

1265 456 1382 526 minos
1413 457 1628 548 respiciunt,
1668 459 1793 553 quaeri
1819 473 1955 552 potest,
1995 484 2058 530 cur
2088 459 2126 526 iu
2148 457 2260 528 Libra

1264 583 1404 650 priores
1421 559 1583 628 tribuant
1597 560 1775 645 Saturno,
1803 585 1844 632 ac
1867 587 1940 631 non
1956 560 2087 632 Veneri
2112 559 2259 653 potius?

1265 675 1421 756 itemque
1438 687 1501 732 cur
1515 663 1552 732 in
1569 661 1691 733 Ariete
1706 660 1782 733 lovi
1799 666 1919 758 potius
1936 691 2044 760 quam
2060 663 2199 734 Marti?

1365 779 1473 870 Quod
1503 781 1534 851 si
1560 780 1824 872 triangulorum
1851 785 2019 856 dominos
2053 783 2261 877 respiciunt,

1265 905 1328 948 cur
1346 881 1527 952 Mercurio
1546 883 1684 974 priores
1699 885 1862 955 tribuunt
1884 887 1922 956 in
1940 887 2182 980 Capricorno,
2218 909 2260 954 ac

1266 1007 1340 1050 uon
1361 983 1495 1054 Veneri
1517 983 1660 1078 potius?
1725 987 1890 1084 Denique
1914 991 1943 1060 si
1968 990 2174 1060 altitudines
2205 1012 2262 1057 re-

1265 1085 1440 1176 spiciunt,
1480 1114 1543 1158 cur
1565 1087 1677 1158 Marti
1700 1089 1739 1158 in
1759 1087 1898 1162 Cancro
1921 1092 2059 1184 priores
2085 1092 2261 1175 tribuunt,

1265 1212 1306 1256 ac
1319 1213 1401 1294 non
1410 1191 1530 1281 potius
1546 1187 1648 1260 lori?

1368 1307 1558 1380 Praeterea
1577 1311 1606 1382 si
1621 1311 1704 1380 inde
1720 1323 1866 1380 sumunt
1888 1313 1996 1396 lines,
2031 1311 2114 1406 quia
2137 1311 2176 1380 in
2196 1311 2263 1382 ali-

1265 1436 1338 1504 quo
1359 1412 1460 1503 signo
1484 1415 1603 1504 plures
1627 1438 1753 1484 causae
1775 1428 2013 1498 concurrunt,
2041 1440 2103 1484 cur
2118 1413 2262 1484 Mercu·
2286 1455 2295 1466 ·

1264 1514 1319 1582 rio
1352 1517 1516 1586 tribuunt
1545 1515 1683 1608 priores
1714 1516 1752 1584 in
1777 1515 1959 1610 Aquario,
1992 1542 2073 1586 cum
2097 1517 2148 1585 ibi
2167 1513 2261 1585 nihil

1264 1613 1372 1700 iuris,
1403 1617 1471 1688 nisi
1486 1630 1634 1711 propter
1649 1619 1852 1709 trigonum,
1879 1615 2035 1688 babeat?
2086 1619 2263 1690 Saturnus

1264 1742 1351 1787 vero
1373 1723 1505 1810 praesit
1519 1733 1692 1815 tanquam
1709 1721 1892 1792 domicilio
1915 1735 1950 1792 et
1965 1721 2135 1812 trigono?
2188 1721 2263 1790 Cur

1265 1821 1349 1890 item
1371 1823 1552 1894 Mercurio
1568 1825 1679 1916 primi
1695 1825 1782 1896 fines
1800 1825 1961 1898 attributi
1977 1837 2060 1896 sunt
2082 1825 2120 1892 in
2137 1821 2266 1915 Capri·

1265 1947 1395 2008 corno,
1422 1927 1553 1995 cumei
1578 1951 1653 1996 non
1682 1927 1817 2018 praesit
1839 1919 1912 1999 ullo
1936 1925 2072 1997 ruodo?
2126 1926 2176 1996 Ut
2195 1921 2265 1996 hu-

1265 2027 1420 2097 iusmodi
1434 2029 1722 2098 inconvenientia
1740 2031 1847 2100 etiam
1863 2033 1899 2098 in
1917 2031 2055 2126 reliqua
2072 2027 2161 2098 serie
2184 2029 2265 2097 ani-

1265 2131 1442 2200 madverti
1456 2145 1586 2223 potest.

1366 2249 1505 2320 Deinde
1522 2275 1693 2322 numerus
1708 2249 1833 2319 linium
1857 2249 2070 2320 inconcinne
2095 2249 2266 2320 traditur.

1262 2352 1376 2422 Aiunt
1392 2353 1508 2437 enirn,
1531 2353 1692 2444 singulos
1707 2353 1870 2444 planetas
1886 2364 1940 2422 tot
1954 2350 2088 2422 habere
2114 2354 2201 2422 fines
2223 2350 2268 2420 in

1263 2455 1392 2546 signis,
1420 2470 1508 2549 quot
1522 2471 1605 2527 sunt
1620 2456 1696 2526 eius
1712 2455 1799 2524 anni
1815 2454 1988 2536 maiores;
2023 2458 2059 2524 id
2076 2479 2163 2524 vero
2182 2453 2267 2522 nul-

1263 2560 1336 2626 lam
1371 2554 1481 2628 habet
1513 2561 1700 2651 propriam
1733 2582 1774 2628 ac
1811 2559 2032 2650 probabilem
2068 2559 2265 2628 rationem.

1265 2659 1487 2753 Quinetiam
1503 2663 1533 2730 si
1556 2660 1640 2732 huic
1661 2661 1863 2731 collectioni
1886 2686 2120 2732 numerorum
2140 2661 2268 2730 creda-

1264 2788 1362 2846 mus,
1388 2763 1479 2834 sicut
1499 2777 1724 2835 asseveratur
1748 2763 1793 2832 ab
1809 2763 2010 2856 Aegyptiis:
2041 2763 2118 2834 lieri
2140 2777 2270 2832 tamen

1263 2878 1401 2958 potest,
1424 2878 1466 2936 ut
1485 2867 1585 2936 varie
1601 2877 1739 2936 mutato
1761 2891 1914 2938 numero
1938 2867 2128 2959 insignis,
2161 2891 2272 2958 repe-

1367 3087 1477 3182 Quod
1498 3115 1585 3161 vero
1612 3089 1724 3184 aliqui
1747 3090 1970 3160 coniecturas
1996 3091 2134 3160 fucatas
2165 3087 2270 3156 adle-

1264 3204 1369 3276 rnnt,
1394 3217 1541 3283 prorsus
1555 3193 1703 3277 fallunt,
1727 3217 1808 3262 cum
1828 3194 2070 3275 contendunt,
2097 3204 2271 3284 tempora

1264 3297 1515 3366 ascensionum
1532 3299 1752 3388 configurata
1767 3297 1919 3388 planetis
1934 3297 2071 3366 efficere
2086 3291 2182 3366 bunc
2196 3319 2273 3364 nu-

1175 3451 1185 3468 .
1265 3421 1405 3467 merum
1422 3399 1561 3472 linium.
1612 3399 1777 3469 Primum
1799 3399 1894 3468 enim
1921 3412 2120 3494 sequuntur
2141 3395 2276 3488 vulga-

1194 3526 1197 3556 ι
1264 3525 1321 3570 res
1336 3501 1547 3574 traditiones
1568 3503 1612 3572 de
1633 3502 1750 3594 planis
1776 3500 2024 3572 ascensionum
2047 3499 2275 3586 eminentiis,

1264 3627 1340 3672 non
1354 3598 1477 3674 habita
1501 3607 1641 3678 ratione
1664 3606 1888 3674 diversarum
1910 3603 2149 3674 elevationum
2175 3601 2276 3694 poli.

1263 3705 1397 3776 Procul
1412 3707 1522 3798 igitur
1545 3733 1565 3778 a
1588 3709 1738 3778 veritate
1763 3709 1944 3777 aberrant.
2003 3705 2140 3778 Volunt
2163 3705 2273 3776 enim

1265 3809 1303 3878 in
1327 3809 1421 3879 linea
1444 3812 1719 3907 aequinoctiali,
1760 3833 1852 3904 quae
1876 3809 2006 3880 transit
2026 3835 2091 3903 per
2112 3809 2274 3880 inlerio-

1265 3937 1341 3982 rem
1358 3911 1581 4008 Aegyptum,
1614 3939 1693 3985 cum
1711 3913 1859 4006 Virgine
1885 3926 1921 3984 et
1936 3911 2045 3983 Libra
2070 3912 2275 3984 ascendere

1265 4026 1429 4107 tempora
1459 4019 1606 4112 triginta
1633 4032 1714 4088 octo
1745 4029 1780 4086 et
1806 4015 1994 4100 trientem,
2035 4040 2117 4086 cum
2138 4013 2276 4086 Leone

1265 4129 1301 4188 et
1320 4119 1472 4213 Scorpio
1496 4135 1659 4214 tempora
1686 4121 1833 4210 triginta
1866 4119 2046 4214 quinque:
2089 4143 2170 4190 cum
2201 4119 2278 4188 de-

1266 4225 1480 4294 monstratio
1513 4225 1659 4296 linearis
1691 4222 1881 4305 ostendat,
1936 4247 2016 4292 curn
2044 4217 2107 4292 ¹his
2141 4243 2280 4290 ascen-

1265 4326 1350 4396 dere
1375 4326 1455 4419 plus
1477 4340 1704 4420 temporum,
1737 4349 1816 4396 cum
1832 4319 1980 4417 Virgine
1997 4350 2083 4396 vero
2101 4336 2136 4394 et
2150 4321 2279 4394 Libra

1266 4453 1397 4500 minus.

1368 4547 1579 4632 Praeterea,
1616 4549 1678 4643 qui
1708 4543 1802 4618 banc
1831 4547 2011 4619 rationem
2045 4545 2280 4616 constituere

217 4639 414 4734 Aegyptia,
449 4661 541 4732 ‘111³‘
568 4640 838 4708 ³⁶⁶⁰¹¹¹ffl⁰d³l³
866 4651 918 4709 ⁰⁸²
942 4639 1213 4728 θᾶιᾶθῐῃῖῦὓῖθ·
1266 4651 1386 4720 conati
1417 4665 1520 4735 suat,
1558 4677 1603 4722 ne
1624 4653 1674 4722 sic
1700 4653 1845 4746 quidem
1866 4653 2024 4721 retinent
2048 4650 2173 4719 linium
2196 4673 2283 4718 nu-

193 4785 196 4792 ·
217 4766 301 4814 rum
328 4740 579 4820 auiorlldlem
620 4741 731 4811 albeta
757 4737 969 4826 Chaldaica,
1012 4767 1214 4812 accommo·
1265 4778 1405 4824 merum
1425 4756 1469 4824 ab
1488 4753 1566 4824 aliis
1588 4755 1782 4840 traditum,
1816 4754 1882 4827 etsi
1907 4779 2011 4846 saepe
2032 4749 2179 4822 mentiri
2203 4776 2283 4821 co..

218 4845 303 4915 data
321 4844 368 4913 ad
382 4843 646 4935 triangulorum
662 4844 971 4935 gubernationem.
1265 4870 1419 4948 guntur,
1459 4870 1495 4927 et
1528 4857 1709 4928 interdum
1743 4859 1929 4951 portiones
1961 4857 2171 4949 portionum
2201 4857 2287 4925 ad·-

321 4961 497 5054 Aegyptia
514 4985 622 5044 vero,
646 4974 687 5032 ut
701 4963 829 5032 usitate
850 4961 1118 5048 circumfertur,
1148 4987 1214 5033 nec
1265 4957 1411 5044 bibent,
1437 4975 1477 5031 ut
1490 4962 1782 5050 concinnitatem,
1804 4993 1912 5062 quam
1928 4970 2109 5050 volebant,
2134 4981 2283 5039 tuean-

220 5063 360 5137 ordinis
388 5087 455 5134 nec
476 5065 722 5134 'numerorum
758 5065 1051 5160 consequentiam
1083 5079 1214 5138 servat.
1265 5076 1345 5148 tur,
1377 5087 1468 5158 quae
1491 5077 1526 5134 et
1548 5065 1626 5158 ipsa
1649 5090 1670 5136 a
1691 5093 1776 5139 vera
1796 5070 1936 5142 ratione
1952 5073 2106 5144 aberrat.
2159 5069 2287 5148 Ordo

217 5167 385 5240 Primum
410 5165 450 5235 in
473 5166 599 5236 ordine
620 5167 759 5261 priores
784 5169 915 5262 gradus
940 5168 1105 5240 attribuit
1135 5181 1214 5237 tan-
1266 5180 1385 5238 autem
1418 5168 1571 5254 linium,
1620 5183 1661 5241 ut
1696 5195 1715 5240 a
1749 5174 1870 5244 multis
1900 5172 2082 5257 traditur,
2134 5187 2169 5244 et
2205 5183 2291 5252 cui

219 5295 330 5370 quam
354 5261 462 5355 lines,
501 5293 598 5340 nunc
620 5269 769 5341 domino
790 5271 1077 5357 domiciliorum,
1118 5294 1215 5342 nunc
1265 5284 1415 5364 propter
1445 5271 1696 5368 antiquitatem
1726 5277 1812 5350 fides
1839 5271 2010 5362 babetur,
2046 5273 2106 5350 bic
2130 5281 2294 5350 adscri-

218 5373 369 5448 domino
385 5373 576 5467 trianguli,
602 5373 796 5470 aliquando
816 5376 924 5446 etiam
940 5377 1013 5462 illi,
1040 5373 1140 5448 cuius
1162 5388 1216 5446 est
1266 5387 1349 5468 ptus
1375 5387 1439 5448 est.
