4700 5808
92 223 175 308 117,
247 161 411 298 ‘xrrvn
453 221 851 354 nvrnnrnarano
874 171 1046 298 ornan
1071 203 1457 320 Quannuannn
1477 224 1760 300 PTOLEMAEI
1785 227 1875 304 na.
1888 224 1958 302 1v.·
2052 231 2126 306 11⁸
2199 171 2208 186 ’

89 409 213 490 putas;
254 417 303 464 ac
332 395 531 467 tribuemus
560 396 707 488 singolis
729 397 839 489 signis
861 397 936 468 dies
957 397 1084 487 viginti
1137 421 1261 466 earum
1277 395 1504 482 effectionum
1522 415 1764 486 causaremur,
1796 401 1953 498 itemque
1969 399 2127 474 exhabi·

90 512 186 570 octo.
238 493 397 592 ltemque
417 499 491 568 dies
514 510 596 590 post
616 500 772 568 natalem
797 499 892 571 diem
916 523 1084 570 numera·
1136 499 1259 567 tudine
1278 500 1322 566 ad
1338 523 1456 568 annua
1473 512 1508 568 et
1531 515 1713 572 menstrua
1739 504 1838 594 signa
1862 506 2005 576 illorum
2028 507 2126 576 loco·

88 601 210 672 bimus
223 623 243 666 a
257 598 344 670 locis
360 599 558 682 mensium,
584 601 781 672 tribuentes
804 601 948 670 cuilibet
968 602 1083 693 signo,

13 777 15 790 ,
89 703 219 772 ordine
235 702 310 770 dics
324 702 414 771 duos
432 714 467 771 et
483 701 684 773 dimidium.

13 805 14 816 ’
190 803 560 876 Animadvertendum
591 805 717 888 etiam,
760 827 851 898 quae
873 803 993 874 stellae
1017 828 1083 895 po·

86 906 266 977 tissimum
291 906 473 995 generales
494 905 591 976 locos
613 917 808 976 transeant.
873 905 957 976 Non
987 907 1081 974 enim

84 1033 219 1102 parum
238 1009 283 1074 ad
298 1003 596 1099 deprehendenda
613 1020 775 1100 tempora
791 1019 981 1076 eventuum
1004 1031 1095 1076 mo-·

84 1110 201 1180 menti
215 1109 393 1178 adierunt.
443 1105 485 1176 ln
499 1109 723 1200 generalibus
741 1120 860 1178 autem
876 1108 964 1178 locis
979 1133 1083 1199 prae·

84 1214 191 1305 cipua
209 1211 264 1279 vis
281 1222 334 1279 est
347 1209 513 1294 Saturni,
539 1209 634 1281 lovis
654 1211 693 1280 in
719 1211 865 1289 annuis;
897 1209 1025 1280 Martis
1046 1225 1081 1280 et

84 1315 201 1397 Solis,
226 1311 378 1381 Veneris
394 1324 429 1379 et
445 1312 635 1396 Mercurii,
662 1313 699 1380 in
719 1311 925 1391 menstruis;
955 1309 1080 1380 Lunae

84 1441 171 1486 vero
207 1413 379 1482 transitus
412 1413 450 1480 in
483 1412 633 1484 diurnis.
690 1413 899 1484 Notandum
933 1425 968 1482 et
1001 1409 1080 1498 hoc,

84 1519 185 1614 quod
201 1514 385 1606 generales
401 1526 605 1608 temporum
623 1515 749 1584 arbitri
764 1515 954 1608 praecipue
976 1541 1080 1586 even-

81 1633 138 1690 tus
166 1619 374 1710 producuot
400 1629 436 1685 et
463 1618 683 1708 gubernare
723 1617 956 1709 particulares
993 1643 1079 1688 vero

82 1723 139 1791 vel
155 1719 332 1789 adiuvant
347 1717 490 1788 illorum
506 1720 676 1804 actiones,
702 1721 760 1789 vel
774 1718 987 1810 impediunt,
1011 1744 1079 1811 pro

78 1838 237 1892 naturae
253 1843 337 1890 suae
351 1821 599 1891 convenientia
616 1835 678 1891 aut
694 1821 911 1892 diversitate.
945 1821 1079 1918 Trans·

83 1927 153 1997 itus
185 1922 369 1994 stellarum
401 1924 457 1992 vel
481 1936 613 2014 augent
633 1923 914 2017 intenduntque,
947 1923 1003 1991 vel
1024 1948 1080 1992 re-

82 2029 208 2098 laxant
230 2037 266 2094 et
288 2025 458 2096 minuunt
481 2025 689 2096 accidentia.
740 2024 883 2095 Etenim
906 2026 1080 2116 generali-

82 2143 137 2200 ter
167 2129 418 2220 prorogatoris
445 2128 544 2199 locus
574 2141 611 2198 et
630 2128 849 2220 generalium
872 2139 1077 2218 temporum

81 2231 273 2312 dominus,
300 2241 483 2321 assumpto
499 2231 606 2298 etiam
627 2228 801 2321 participe
823 2227 947 2298 linium
965 2228 1078 2298 domi-

13 2321 14 2338 *
82 2359 151 2417 uo,
179 2331 418 2402 accidentium
436 2331 643 2424 qualitatem
662 2344 697 2400 et
717 2331 945 2400 durationem
971 2330 1079 2422 signi-

13 2435 14 2456 *
81 2439 202 2506 licant.
251 2432 423 2502 Retinent
439 2431 533 2501 enim
549 2433 708 2524 singulae
724 2433 846 2502 stellae
863 2432 1078 2502 convenien-

78 2539 169 2606 tiam
186 2559 269 2606 cum
285 2533 355 2603 illis
370 2534 555 2625 geniturae
570 2534 676 2616 locis,
702 2556 856 2628 quorum
875 2533 1076 2604 dominium

81 2639 186 2708 initio
204 2635 484 2730 acquisiverunt.
536 2635 668 2722 Utrum
683 2659 853 2728 prospera
871 2637 991 2705 sutura
1006 2636 1078 2706 sint

77 2739 304 2822 accidentia,
336 2737 393 2806 vel
416 2739 585 2823 adversa,
618 2732 906 2831 deprehendetur
928 2762 970 2807 ex
993 2762 1076 2830 pro-

13 2885 14 2888 =
78 2843 237 2936 prietate
257 2840 414 2909 naturali
429 2852 464 2909 et
480 2839 673 2933 acquisita,
709 2840 865 2909 benefica
889 2840 946 2909 vel
968 2841 1077 2909 male-

79 2948 144 3014 fica
168 2943 392 3014 arbitrorum
419 2934 608 3034 temporis3
643 2942 801 3038 itemque
816 2967 857 3012 ex
879 2943 1076 3013 eorundem

80 3044 302 3139 aprincipio
316 3069 397 3115 cum
420 3045 527 3128 locis,
564 3068 656 3140 quae
679 3045 914 3132 obsederunt,
948 3069 1076 3116 conve-

80 3149 220 3218 nientia
239 3159 304 3216 aut
320 3145 570 3237 discrepantia.

184 3252 276 3343 Quo
300 3261 463 3339 tempore
491 3271 528 3318 se
562 3250 787 3318 decretorum
807 3247 861 3319 vis
882 3249 1076 3341 praecipue

79 3365 271 3422 ostensura
284 3351 343 3434 sit,
358 3362 591 3440 cognoscetur
606 3375 648 3419 er
664 3349 945 3440 configuratione
959 3352 1077 3442 signo-

78 3477 161 3524 rum
177 3477 386 3524 annuorum
403 3463 439 3520 et
452 3465 718 3523 menstruorum
734 3456 779 3522 ad
794 3453 853 3524 illa
869 3453 960 3538 loca,
984 3477 1077 3547 quae

1027 3772 1047 3804 Ι

1134 624 1236 684 rum,
1259 624 1325 692 per
1349 625 1441 694 quae
1462 601 1627 693 planetae
1650 605 1819 676 transitus
1840 609 1995 692 iaciunt,
2027 621 2126 678 etex

1135 702 1263 794 quibus
1279 701 1342 771 Sol
1364 701 1540 796 Lunaque
1564 705 1686 772 eadem
1707 707 1903 780 intuentur.
1963 709 2001 779 Si
2028 711 2125 782 enim

1133 804 1241 872 fuerit
1262 829 1280 871 a
1306 804 1484 896 principio
1509 805 1548 872 in
1571 807 1731 894 genitura
1754 805 1884 880 borum
1917 834 1998 882 cum
2025 813 2125 898 locis,

1135 930 1224 996 quos
1242 906 1417 990 alliciunt,
1453 907 1705 998 congruentia,
1736 923 1772 979 et
1795 915 1979 984 accesserit
2000 928 2124 1005 postea

1134 1005 1172 1074 in
1208 1007 1361 1076 transitu
1392 1010 1608 1078 conveniens
1641 1012 1687 1080 ad
1720 1014 1843 1082 eadem
1863 1017 2125 1105 configuratio,

1133 1131 1200 1200 pro
1222 1131 1260 1176 re
1286 1120 1371 1176 nata
1394 1110 1550 1190 bonum;
1577 1111 1608 1182 si
1621 1115 1800 1183 contraria
1816 1113 1905 1200 illis,
1932 1117 2122 1186 imbecillia

1134 1208 1267 1279 omnia.
1318 1211 1367 1280 At
1380 1213 1410 1280 si
1425 1213 1672 1282 convenientia
1686 1217 1785 1284 nulla
1803 1217 1867 1301 sit,
1891 1216 1991 1310 sique
2009 1220 2125 1290 diver-

1132 1311 1217 1382 sitas
1234 1311 1448 1382 conditionis
1463 1313 1568 1382 simul
1584 1315 1738 1400 incidat,
1765 1320 1878 1390 autin
1893 1319 2045 1391 transitu
2061 1346 2125 1415 op

1132 1411 1258 1505 positis
1273 1413 1502 1508 quadratisve
1517 1416 1627 1486 radiis
1643 1417 1719 1486 loca
1736 1417 1796 1486 illa
1812 1420 1980 1491 infestent
2001 1417 2125 1514 planess

1132 1528 1207 1598 tae,
1232 1516 1367 1585 malum
1387 1517 1565 1586 adserunt.
1616 1515 1726 1612 quue
1744 1520 1782 1588 in
1800 1521 1947 1618 reliquis
1967 1527 2125 1618 conligu-

1130 1617 1333 1688 rationibus
1347 1615 1424 1686 lieri
1440 1641 1515 1687 non
1529 1617 1630 1689 solet.
1820 1610 1823 1618 ’
2002 1614 2008 1626 ’

1234 1719 1324 1790 Com
1340 1720 1449 1790 iidem
1464 1719 1602 1790 domiui
1617 1721 1800 1794 extiterint
1813 1735 1848 1795 et
1861 1736 2065 1816 temporum
2088 1741 2125 1799 et

1131 1821 1318 1902 transitus;
1346 1823 1504 1914 ingentia
1523 1836 1558 1892 et
1571 1823 1752 1894 mediocre
1769 1819 1859 1894 nihil
1874 1828 2071 1899 decernunt
2085 1831 2123 1898 in
2226 1866 2231 1872 ·

1131 1937 1320 2017 utramque
1344 1937 1503 2016 partem,
1542 1926 1728 2019 multoque
1748 1927 1862 2018 magis
1884 1928 2127 2002 etiamsinon

1129 2025 1247 2097 solum
1262 2025 1364 2110 ideo,
1390 2029 1488 2121 quod
1503 2039 1706 2120 temporum
1721 2028 1867 2114 arbitri,
1899 2033 1961 2100 sed
1983 2035 2123 2128 quoda
2217 2071 2218 2076 κ

1130 2127 1308 2222 principio
1327 2128 1527 2198 dominium
1544 2129 1583 2198 iu
1600 2129 1762 2220 genitura
1779 2131 1898 2204 sortiti
1912 2147 2013 2219 sunt,
2040 2159 2124 2206 cau·

1129 2255 1186 2301 sas
1200 2254 1321 2301 rerum
1339 2231 1515 2323 compleri
1530 2231 1675 2302 luerint.
1726 2233 1879 2306 Prorsus
1900 2249 2020 2306 autem
2044 2238 2123 2308 leli-

1130 2356 1186 2403 ces
1200 2333 1309 2416 liunt,
1336 2357 1490 2426 quorum
1506 2357 1599 2406 unus
1623 2335 1788 2430 idemque
1811 2337 1910 2410 locus
1933 2339 1972 2408 in
1998 2364 2123 2411 omnes

1130 2446 1195 2504 aut
1209 2433 1329 2526 plures
1345 2435 1619 2536 prorogationes
1635 2435 1817 2518 inciderit;
1851 2452 1913 2510 aut
1933 2441 1963 2512 si
1985 2437 2052 2512 hae
2069 2443 2122 2512 di-

1129 2557 1252 2604 versae
1281 2535 1435 2620 fuerint,
1480 2562 1560 2607 cum
1592 2537 1716 2606 iisdem
1749 2541 1970 2634 temporibus
1998 2567 2122 2617 omnes

1129 2638 1292 2730 pluresve
1323 2646 1488 2709 occursus
1516 2640 1758 2710 beneficorum
1789 2658 1852 2713 aut
1876 2643 2121 2718 maleficorum

1129 2738 1388 2810 concurrerint.
1792 2739 1797 2748 ’
1845 2743 1848 2748 “

1229 2831 1326 2911 llaec
1348 2842 1393 2911 de
1416 2842 1701 2917 consideratione
1722 2841 1926 2940 temporum
1948 2843 2118 2920 boc-loco

1128 2941 1256 3015 dixisse
1281 2943 1442 3017 sulliciat.
1494 2945 1635 3018 Genera
1662 2951 1853 3021 eventuum
1869 2949 1906 3019 in
1922 2951 2120 3048 quibusque

1128 3046 1351 3137 temporibus
1366 3070 1441 3116 non
1456 3059 1631 3134 atteram,
1658 3076 1700 3121 eo
1719 3055 1835 3146 quod,
1862 3067 1902 3122 ut
1915 3054 2018 3124 initio
2034 3079 2120 3148 pro·
2156 3123 2160 3131 ,

1127 3149 1331 3241 posuimus,
1366 3147 1559 3221 universali
1579 3151 1761 3222 stellarum
1784 3155 1937 3224 ellicacia
1965 3157 2119 3248 cognita,

1128 3250 1358 3343 particularia
1380 3265 1639 3344 consequenter
1664 3257 1929 3325 accommodari
1957 3270 2119 3348 possunt,
2229 3279 2234 3302 ν’

1128 3353 1159 3423 si
1189 3365 1271 3446 apte
1309 3377 1392 3423 cnm
1428 3350 1671 3428 mathematici
1708 3379 1815 3430 eausa
1859 3360 1981 3430 iuncta
2009 3360 2119 3430 lecerit

1128 3455 1236 3524 etiam
1250 3479 1356 3526 causa
1373 3456 1568 3530 mixtionis.
