<?xml version="1.0" encoding="UTF-8"?>
<!DOCTYPE html PUBLIC "-//W3C//DTD XHTML 1.0 Transitional//EN"
    "http://www.w3.org/TR/xhtml1/DTD/xhtml1-transitional.dtd">
<html xmlns="http://www.w3.org/1999/xhtml" xml:lang="en" lang="en">
 <head>
  <title>
</title>
<meta http-equiv="Content-Type" content="text/html;charset=utf-8" />
  <meta name='ocr-system' content='tesseract 3.04.00' />
  <meta name='ocr-capabilities' content='ocr_page ocr_carea ocr_par ocr_line ocrx_word'/>
</head>
<body>
  <div class='ocr_page' id='page_1' title='image "./corpusreformato17melagoog/corpusreformato17melagoog_0030.png"; bbox 0 0 4700 5808; ppageno 0'>
   <div class='ocr_carea' id='block_1_1' title="bbox 76 205 1951 314">
    <p class='ocr_par' dir='ltr' id='par_1_1' title="bbox 76 205 1951 314">
     <span class='ocr_line' id='line_1_1' title="bbox 76 205 1951 314; baseline -0.003 -23"><span class='ocrx_word' id='word_1_1' title='bbox 76 216 121 292; x_wconf 80' lang='lat'>21</span> <span class='ocrx_word' id='word_1_2' title='bbox 255 211 396 287; x_wconf 78' lang='lat' dir='ltr'>XLVII.</span> <span class='ocrx_word' id='word_1_3' title='bbox 442 209 844 304; x_wconf 77' lang='lat' dir='ltr'>INTERPRETATIO</span> <span class='ocrx_word' id='word_1_4' title='bbox 871 209 1045 287; x_wconf 76' lang='lat' dir='ltr'>OPERlS</span> <span class='ocrx_word' id='word_1_5' title='bbox 1070 205 1460 314; x_wconf 77' lang='lat' dir='ltr'>Quauataaartrt</span> <span class='ocrx_word' id='word_1_6' title='bbox 1486 205 1773 282; x_wconf 84' lang='lat' dir='ltr'>PTOLEMAEI</span> <span class='ocrx_word' id='word_1_7' title='bbox 1805 206 1897 282; x_wconf 85' lang='lat' dir='ltr'>LlB.</span> <span class='ocrx_word' id='word_1_8' title='bbox 1922 209 1951 286; x_wconf 89' lang='grc' dir='ltr'>Ι.</span> 
     </span>
    </p>
   </div>
   <div class='ocr_carea' id='block_1_2' title="bbox 79 386 1078 585">
    <p class='ocr_par' dir='ltr' id='par_1_2' title="bbox 79 386 1078 585">
     <span class='ocr_line' id='line_1_2' title="bbox 79 386 1078 484; baseline 0.002 -30"><span class='ocrx_word' id='word_1_9' title='bbox 79 387 190 456; x_wconf 91' lang='lat' dir='ltr'>imum</span> <span class='ocrx_word' id='word_1_10' title='bbox 207 386 318 471; x_wconf 89' lang='lat' dir='ltr'>coeli,</span> <span class='ocrx_word' id='word_1_11' title='bbox 354 388 393 458; x_wconf 90' lang='lat' dir='ltr'>iu</span> <span class='ocrx_word' id='word_1_12' title='bbox 413 387 560 484; x_wconf 89' lang='lat' dir='ltr'>reliquis</span> <span class='ocrx_word' id='word_1_13' title='bbox 579 386 720 459; x_wconf 89' lang='lat' dir='ltr'>duobus</span> <span class='ocrx_word' id='word_1_14' title='bbox 742 387 1004 484; x_wconf 79' lang='lat' dir='ltr'>quadrantibus</span> <span class='ocrx_word' id='word_1_15' title='bbox 1027 386 1078 456; x_wconf 87' lang='lat' dir='ltr'>fe-</span> 
     </span>
     <span class='ocr_line' id='line_1_3' title="bbox 79 488 771 585; baseline 0.007 -27"><span class='ocrx_word' id='word_1_16' title='bbox 79 488 188 558; x_wconf 90' lang='lat' dir='ltr'>minei</span> <span class='ocrx_word' id='word_1_17' title='bbox 200 502 306 574; x_wconf 89' lang='lat' dir='ltr'>sunt,</span> <span class='ocrx_word' id='word_1_18' title='bbox 332 502 505 585; x_wconf 89' lang='lat' dir='ltr'>tauquani</span> <span class='ocrx_word' id='word_1_19' title='bbox 522 491 771 562; x_wconf 88' lang='lat' dir='ltr'>occidentales.</span> 
     </span>
    </p>
   </div>
   <div class='ocr_carea' id='block_1_3' title="bbox 327 679 818 776">
    <p class='ocr_par' dir='ltr' id='par_1_3' title="bbox 327 679 818 776">
     <span class='ocr_line' id='line_1_4' title="bbox 327 679 818 776; baseline 0.002 -8"><span class='ocrx_word' id='word_1_20' title='bbox 327 702 383 768; x_wconf 83' lang='lat' dir='ltr'>Dc</span> <span class='ocrx_word' id='word_1_21' title='bbox 407 691 546 770; x_wconf 74' lang='lat' dir='ltr'>diurnis</span> <span class='ocrx_word' id='word_1_22' title='bbox 569 679 603 772; x_wconf 71' lang='lat' dir='ltr'>at</span> <span class='ocrx_word' id='word_1_23' title='bbox 630 703 818 776; x_wconf 72' lang='lat' dir='ltr'>nodurnis.</span> 
     </span>
    </p>
   </div>
   <div class='ocr_carea' id='block_1_4' title="bbox 80 833 1082 1648">
    <p class='ocr_par' dir='ltr' id='par_1_4' title="bbox 80 833 1082 1648">
     <span class='ocr_line' id='line_1_5' title="bbox 180 833 1081 928; baseline -0.004 -24"><span class='ocrx_word' id='word_1_24' title='bbox 180 833 358 904; x_wconf 76' lang='lat' dir='ltr'>Similiter</span> <span class='ocrx_word' id='word_1_25' title='bbox 374 846 409 902; x_wconf 92' lang='lat' dir='ltr'>et</span> <span class='ocrx_word' id='word_1_26' title='bbox 426 858 507 904; x_wconf 88' lang='lat' dir='ltr'>curn</span> <span class='ocrx_word' id='word_1_27' title='bbox 532 848 737 928; x_wconf 89' lang='lat' dir='ltr'>temporum</span> <span class='ocrx_word' id='word_1_28' title='bbox 762 836 834 904; x_wconf 91' lang='lat' dir='ltr'>duo</span> <span class='ocrx_word' id='word_1_29' title='bbox 861 834 934 904; x_wconf 90' lang='lat' dir='ltr'>sint</span> <span class='ocrx_word' id='word_1_30' title='bbox 957 833 1081 904; x_wconf 86' lang='lat' dir='ltr'>discri-</span> 
     </span>
     <span class='ocr_line' id='line_1_6' title="bbox 80 935 1081 1028; baseline 0.001 -23"><span class='ocrx_word' id='word_1_31' title='bbox 80 935 176 1006; x_wconf 88' lang='lat' dir='ltr'>mina</span> <span class='ocrx_word' id='word_1_32' title='bbox 194 935 411 1028; x_wconf 89' lang='lat' dir='ltr'>praecipua,</span> <span class='ocrx_word' id='word_1_33' title='bbox 437 937 512 1008; x_wconf 88' lang='lat' dir='ltr'>dies</span> <span class='ocrx_word' id='word_1_34' title='bbox 530 951 565 1006; x_wconf 86' lang='lat' dir='ltr'>et</span> <span class='ocrx_word' id='word_1_35' title='bbox 581 961 670 1008; x_wconf 84' lang='lat' dir='ltr'>nox:</span> <span class='ocrx_word' id='word_1_36' title='bbox 704 939 779 1008; x_wconf 89' lang='lat' dir='ltr'>dies</span> <span class='ocrx_word' id='word_1_37' title='bbox 794 937 908 1026; x_wconf 85' lang='lat' dir='ltr'>magis</span> <span class='ocrx_word' id='word_1_38' title='bbox 924 939 969 1006; x_wconf 87' lang='lat' dir='ltr'>ad</span> <span class='ocrx_word' id='word_1_39' title='bbox 988 959 1081 1006; x_wconf 88' lang='lat' dir='ltr'>mas-</span> 
     </span>
     <span class='ocr_line' id='line_1_7' title="bbox 81 1038 1081 1134; baseline -0.003 -24"><span class='ocrx_word' id='word_1_40' title='bbox 81 1039 195 1110; x_wconf 87' lang='lat' dir='ltr'>culam</span> <span class='ocrx_word' id='word_1_41' title='bbox 224 1050 393 1110; x_wconf 90' lang='lat' dir='ltr'>naturam</span> <span class='ocrx_word' id='word_1_42' title='bbox 427 1040 612 1131; x_wconf 88' lang='lat' dir='ltr'>congruit,</span> <span class='ocrx_word' id='word_1_43' title='bbox 659 1041 744 1134; x_wconf 87' lang='lat' dir='ltr'>quia</span> <span class='ocrx_word' id='word_1_44' title='bbox 775 1040 893 1109; x_wconf 86' lang='lat' dir='ltr'>maior</span> <span class='ocrx_word' id='word_1_45' title='bbox 924 1038 1081 1109; x_wconf 82' lang='lat' dir='ltr'>interdiu</span> 
     </span>
     <span class='ocr_line' id='line_1_8' title="bbox 81 1141 1081 1232; baseline -0.002 -20"><span class='ocrx_word' id='word_1_46' title='bbox 81 1143 178 1212; x_wconf 89' lang='lat' dir='ltr'>calor</span> <span class='ocrx_word' id='word_1_47' title='bbox 194 1154 267 1225; x_wconf 91' lang='lat' dir='ltr'>est,</span> <span class='ocrx_word' id='word_1_48' title='bbox 293 1154 330 1211; x_wconf 89' lang='lat' dir='ltr'>et</span> <span class='ocrx_word' id='word_1_49' title='bbox 351 1154 502 1213; x_wconf 89' lang='lat' dir='ltr'>naturae</span> <span class='ocrx_word' id='word_1_50' title='bbox 527 1145 573 1212; x_wconf 90' lang='lat' dir='ltr'>ad</span> <span class='ocrx_word' id='word_1_51' title='bbox 598 1145 776 1232; x_wconf 84' lang='lat' dir='ltr'>agendum</span> <span class='ocrx_word' id='word_1_52' title='bbox 801 1141 958 1212; x_wconf 84' lang='lat' dir='ltr'>acriores</span> <span class='ocrx_word' id='word_1_53' title='bbox 978 1154 1081 1222; x_wconf 85' lang='lat' dir='ltr'>sunt;</span> 
     </span>
     <span class='ocr_line' id='line_1_9' title="bbox 80 1241 1082 1337; baseline -0.003 -23"><span class='ocrx_word' id='word_1_54' title='bbox 80 1269 151 1314; x_wconf 84' lang='lat' dir='ltr'>uox</span> <span class='ocrx_word' id='word_1_55' title='bbox 168 1268 258 1314; x_wconf 83' lang='lat' dir='ltr'>vero</span> <span class='ocrx_word' id='word_1_56' title='bbox 281 1246 327 1313; x_wconf 91' lang='lat' dir='ltr'>ad</span> <span class='ocrx_word' id='word_1_57' title='bbox 347 1245 562 1329; x_wconf 74' lang='lat' dir='ltr'>femineam,</span> <span class='ocrx_word' id='word_1_58' title='bbox 596 1259 746 1337; x_wconf 90' lang='lat' dir='ltr'>propter</span> <span class='ocrx_word' id='word_1_59' title='bbox 766 1241 1018 1315; x_wconf 79' lang='lat' dir='ltr'>humiditatem</span> <span class='ocrx_word' id='word_1_60' title='bbox 1047 1255 1082 1312; x_wconf 93' lang='lat' dir='ltr'>et</span> 
     </span>
     <span class='ocr_line' id='line_1_10' title="bbox 81 1346 1082 1442; baseline -0.002 -26"><span class='ocrx_word' id='word_1_61' title='bbox 81 1348 211 1442; x_wconf 82' lang='lat' dir='ltr'>quietis</span> <span class='ocrx_word' id='word_1_62' title='bbox 243 1347 515 1438; x_wconf 86' lang='lat' dir='ltr'>appetitionem.</span> <span class='ocrx_word' id='word_1_63' title='bbox 582 1346 751 1418; x_wconf 80' lang='lat' dir='ltr'>Tradunt</span> <span class='ocrx_word' id='word_1_64' title='bbox 771 1347 905 1440; x_wconf 83' lang='lat' dir='ltr'>igitur,</span> <span class='ocrx_word' id='word_1_65' title='bbox 936 1359 1082 1418; x_wconf 88' lang='lat' dir='ltr'>noctur-</span> 
     </span>
     <span class='ocr_line' id='line_1_11' title="bbox 81 1449 1080 1531; baseline 0 -13"><span class='ocrx_word' id='word_1_66' title='bbox 81 1475 144 1520; x_wconf 86' lang='lat' dir='ltr'>nas</span> <span class='ocrx_word' id='word_1_67' title='bbox 159 1450 285 1520; x_wconf 86' lang='lat' dir='ltr'>stellas</span> <span class='ocrx_word' id='word_1_68' title='bbox 301 1475 374 1521; x_wconf 88' lang='lat' dir='ltr'>esse</span> <span class='ocrx_word' id='word_1_69' title='bbox 391 1449 532 1520; x_wconf 87' lang='lat' dir='ltr'>Lunam</span> <span class='ocrx_word' id='word_1_70' title='bbox 553 1463 588 1520; x_wconf 89' lang='lat' dir='ltr'>et</span> <span class='ocrx_word' id='word_1_71' title='bbox 602 1449 800 1531; x_wconf 69' lang='lat' dir='ltr'>Venerem</span> <span class='ocrx_word' id='word_1_72' title='bbox 830 1451 979 1521; x_wconf 91' lang='lat' dir='ltr'>diurnas</span> <span class='ocrx_word' id='word_1_73' title='bbox 993 1473 1080 1519; x_wconf 87' lang='lat' dir='ltr'>vero</span> 
     </span>
     <span class='ocr_line' id='line_1_12' title="bbox 80 1549 1081 1648; baseline -0.002 -26"><span class='ocrx_word' id='word_1_74' title='bbox 80 1553 199 1622; x_wconf 85' lang='lat' dir='ltr'>Solem</span> <span class='ocrx_word' id='word_1_75' title='bbox 216 1564 253 1621; x_wconf 88' lang='lat' dir='ltr'>et</span> <span class='ocrx_word' id='word_1_76' title='bbox 268 1549 406 1633; x_wconf 88' lang='lat' dir='ltr'>lovem;</span> <span class='ocrx_word' id='word_1_77' title='bbox 441 1553 654 1646; x_wconf 84' lang='lat' dir='ltr'>participem</span> <span class='ocrx_word' id='word_1_78' title='bbox 677 1579 764 1622; x_wconf 89' lang='lat' dir='ltr'>vero</span> <span class='ocrx_word' id='word_1_79' title='bbox 787 1555 974 1648; x_wconf 89' lang='lat' dir='ltr'>utriusque</span> <span class='ocrx_word' id='word_1_80' title='bbox 997 1575 1081 1622; x_wconf 91' lang='lat' dir='ltr'>cou-</span> 
     </span>
    </p>
   </div>
   <div class='ocr_carea' id='block_1_5' title="bbox 79 1654 1136 1738">
    <p class='ocr_par' dir='ltr' id='par_1_5' title="bbox 79 1654 1136 1738">
     <span class='ocr_line' id='line_1_13' title="bbox 79 1654 1136 1738; baseline -0.001 -14"><span class='ocrx_word' id='word_1_81' title='bbox 79 1655 230 1725; x_wconf 86' lang='lat' dir='ltr'>ditionis</span> <span class='ocrx_word' id='word_1_82' title='bbox 250 1654 493 1738; x_wconf 85' lang='lat' dir='ltr'>Mercurium,</span> <span class='ocrx_word' id='word_1_83' title='bbox 536 1681 618 1724; x_wconf 89' lang='lat' dir='ltr'>cum</span> <span class='ocrx_word' id='word_1_84' title='bbox 650 1668 702 1727; x_wconf 89' lang='lat' dir='ltr'>est</span> <span class='ocrx_word' id='word_1_85' title='bbox 731 1655 849 1738; x_wconf 87' lang='lat' dir='ltr'>Eous,</span> <span class='ocrx_word' id='word_1_86' title='bbox 890 1657 1081 1735; x_wconf 87' lang='lat' dir='ltr'>diurnum;</span> <span class='ocrx_word' id='word_1_87' title='bbox 1129 1675 1136 1693; x_wconf 92' lang='lat'><strong>·</strong></span> 
     </span>
    </p>
   </div>
   <div class='ocr_carea' id='block_1_6' title="bbox 5 1757 1083 2878">
    <p class='ocr_par' dir='ltr' id='par_1_6' title="bbox 5 1757 1083 2878">
     <span class='ocr_line' id='line_1_14' title="bbox 80 1757 1081 1851; baseline -0.003 -22"><span class='ocrx_word' id='word_1_88' title='bbox 80 1783 160 1829; x_wconf 92' lang='lat' dir='ltr'>cum</span> <span class='ocrx_word' id='word_1_89' title='bbox 177 1780 268 1826; x_wconf 89' lang='lat' dir='ltr'>vero</span> <span class='ocrx_word' id='word_1_90' title='bbox 285 1760 509 1851; x_wconf 89' lang='lat' dir='ltr'>vespertinus</span> <span class='ocrx_word' id='word_1_91' title='bbox 534 1772 607 1841; x_wconf 89' lang='lat' dir='ltr'>est,</span> <span class='ocrx_word' id='word_1_92' title='bbox 637 1771 868 1828; x_wconf 89' lang='lat' dir='ltr'>nocturnum.</span> <span class='ocrx_word' id='word_1_93' title='bbox 926 1757 1081 1851; x_wconf 87' lang='lat' dir='ltr'>Utrique</span> 
     </span>
     <span class='ocr_line' id='line_1_15' title="bbox 59 1861 1082 1952; baseline 0 -24"><span class='ocrx_word' id='word_1_94' title='bbox 59 1884 164 1930; x_wconf 81' lang='lat' dir='ltr'>-rero</span> <span class='ocrx_word' id='word_1_95' title='bbox 176 1861 382 1930; x_wconf 91' lang='lat' dir='ltr'>conditioni</span> <span class='ocrx_word' id='word_1_96' title='bbox 398 1862 640 1952; x_wconf 79' lang='lat' dir='ltr'>attribuerunt</span> <span class='ocrx_word' id='word_1_97' title='bbox 657 1862 900 1932; x_wconf 88' lang='lat' dir='ltr'>maleficorum</span> <span class='ocrx_word' id='word_1_98' title='bbox 916 1861 1082 1942; x_wconf 89' lang='lat' dir='ltr'>alterurn,</span> 
     </span>
     <span class='ocr_line' id='line_1_16' title="bbox 79 1963 1082 2057; baseline -0.004 -23"><span class='ocrx_word' id='word_1_99' title='bbox 79 1964 191 2034; x_wconf 85' lang='lat' dir='ltr'>secuti</span> <span class='ocrx_word' id='word_1_100' title='bbox 207 1987 284 2032; x_wconf 91' lang='lat' dir='ltr'>non</span> <span class='ocrx_word' id='word_1_101' title='bbox 302 1965 573 2034; x_wconf 92' lang='lat' dir='ltr'>similitudinem</span> <span class='ocrx_word' id='word_1_102' title='bbox 590 1964 791 2057; x_wconf 80' lang='lat' dir='ltr'>qualitatis,</span> <span class='ocrx_word' id='word_1_103' title='bbox 816 1965 878 2035; x_wconf 90' lang='lat' dir='ltr'>sed</span> <span class='ocrx_word' id='word_1_104' title='bbox 895 1963 1082 2034; x_wconf 89' lang='lat' dir='ltr'>diversita-</span> 
     </span>
     <span class='ocr_line' id='line_1_17' title="bbox 82 2065 1081 2138; baseline 0.001 -3"><span class='ocrx_word' id='word_1_105' title='bbox 82 2078 165 2138; x_wconf 90' lang='lat' dir='ltr'>tem.</span> <span class='ocrx_word' id='word_1_106' title='bbox 232 2065 326 2136; x_wconf 87' lang='lat' dir='ltr'>Nam</span> <span class='ocrx_word' id='word_1_107' title='bbox 350 2092 430 2138; x_wconf 89' lang='lat' dir='ltr'>cum</span> <span class='ocrx_word' id='word_1_108' title='bbox 454 2067 564 2138; x_wconf 90' lang='lat' dir='ltr'>stellis</span> <span class='ocrx_word' id='word_1_109' title='bbox 585 2067 703 2136; x_wconf 90' lang='lat' dir='ltr'>bonae</span> <span class='ocrx_word' id='word_1_110' title='bbox 729 2067 995 2136; x_wconf 84' lang='lat' dir='ltr'>constitutionis</span> <span class='ocrx_word' id='word_1_111' title='bbox 1019 2067 1081 2136; x_wconf 90' lang='lat' dir='ltr'>ad-</span> 
     </span>
     <span class='ocr_line' id='line_1_18' title="bbox 78 2167 1080 2262; baseline 0.002 -26"><span class='ocrx_word' id='word_1_112' title='bbox 78 2167 280 2259; x_wconf 87' lang='lat' dir='ltr'>iunguntur</span> <span class='ocrx_word' id='word_1_113' title='bbox 294 2169 448 2254; x_wconf 87' lang='lat' dir='ltr'>similes,</span> <span class='ocrx_word' id='word_1_114' title='bbox 473 2170 672 2239; x_wconf 90' lang='lat' dir='ltr'>bonitatem</span> <span class='ocrx_word' id='word_1_115' title='bbox 691 2191 815 2240; x_wconf 89' lang='lat' dir='ltr'>earum</span> <span class='ocrx_word' id='word_1_116' title='bbox 832 2182 984 2262; x_wconf 80' lang='lat' dir='ltr'>augent3</span> <span class='ocrx_word' id='word_1_117' title='bbox 1018 2170 1080 2240; x_wconf 88' lang='lat' dir='ltr'>sed</span> 
     </span>
     <span class='ocr_line' id='line_1_19' title="bbox 5 2268 1081 2355; baseline -0.001 -14"><span class='ocrx_word' id='word_1_118' title='bbox 5 2299 6 2324; x_wconf 58' lang='lat'>1</span> <span class='ocrx_word' id='word_1_119' title='bbox 79 2271 284 2342; x_wconf 81' lang='lat' dir='ltr'>exitialibus</span> <span class='ocrx_word' id='word_1_120' title='bbox 305 2274 485 2344; x_wconf 81' lang='lat' dir='ltr'>admixtae</span> <span class='ocrx_word' id='word_1_121' title='bbox 513 2271 720 2355; x_wconf 85' lang='lat' dir='ltr'>dissimiles,</span> <span class='ocrx_word' id='word_1_122' title='bbox 761 2268 951 2342; x_wconf 87' lang='lat' dir='ltr'>cohercent</span> <span class='ocrx_word' id='word_1_123' title='bbox 980 2272 1081 2340; x_wconf 92' lang='lat' dir='ltr'>mali-</span> 
     </span>
     <span class='ocr_line' id='line_1_20' title="bbox 79 2369 1082 2470; baseline 0 -26"><span class='ocrx_word' id='word_1_124' title='bbox 79 2375 152 2444; x_wconf 86' lang='lat' dir='ltr'>tiae</span> <span class='ocrx_word' id='word_1_125' title='bbox 171 2369 450 2446; x_wconf 89' lang='lat' dir='ltr'>vehementiam.</span> <span class='ocrx_word' id='word_1_126' title='bbox 502 2373 586 2446; x_wconf 94' lang='lat' dir='ltr'>ldeo</span> <span class='ocrx_word' id='word_1_127' title='bbox 603 2373 821 2460; x_wconf 89' lang='lat' dir='ltr'>Saturnum,</span> <span class='ocrx_word' id='word_1_128' title='bbox 848 2375 911 2470; x_wconf 92' lang='lat' dir='ltr'>qui</span> <span class='ocrx_word' id='word_1_129' title='bbox 930 2374 1082 2468; x_wconf 89' lang='lat' dir='ltr'>frigidus</span> 
     </span>
     <span class='ocr_line' id='line_1_21' title="bbox 80 2477 1083 2562; baseline -0.002 -14"><span class='ocrx_word' id='word_1_130' title='bbox 80 2490 151 2562; x_wconf 91' lang='lat' dir='ltr'>est,</span> <span class='ocrx_word' id='word_1_131' title='bbox 186 2478 430 2550; x_wconf 87' lang='lat' dir='ltr'>adiunxerant</span> <span class='ocrx_word' id='word_1_132' title='bbox 450 2477 561 2548; x_wconf 89' lang='lat' dir='ltr'>calori</span> <span class='ocrx_word' id='word_1_133' title='bbox 585 2477 735 2560; x_wconf 89' lang='lat' dir='ltr'>diumo,</span> <span class='ocrx_word' id='word_1_134' title='bbox 773 2489 809 2546; x_wconf 87' lang='lat' dir='ltr'>et</span> <span class='ocrx_word' id='word_1_135' title='bbox 832 2478 987 2547; x_wconf 87' lang='lat' dir='ltr'>Martem</span> <span class='ocrx_word' id='word_1_136' title='bbox 1015 2477 1083 2548; x_wconf 89' lang='lat' dir='ltr'>sic-</span> 
     </span>
     <span class='ocr_line' id='line_1_22' title="bbox 5 2577 1082 2674; baseline -0.002 -24"><span class='ocrx_word' id='word_1_137' title='bbox 5 2585 6 2608; x_wconf 63' lang='lat'><em>*</em></span> <span class='ocrx_word' id='word_1_138' title='bbox 80 2605 163 2650; x_wconf 89' lang='lat' dir='ltr'>cum</span> <span class='ocrx_word' id='word_1_139' title='bbox 189 2593 392 2650; x_wconf 90' lang='lat' dir='ltr'>nocturnae</span> <span class='ocrx_word' id='word_1_140' title='bbox 415 2577 635 2652; x_wconf 90' lang='lat' dir='ltr'>humiditati.</span> <span class='ocrx_word' id='word_1_141' title='bbox 699 2579 758 2648; x_wconf 88' lang='lat' dir='ltr'>Sic</span> <span class='ocrx_word' id='word_1_142' title='bbox 780 2593 931 2674; x_wconf 90' lang='lat' dir='ltr'>uterque</span> <span class='ocrx_word' id='word_1_143' title='bbox 954 2603 975 2648; x_wconf 90' lang='lat' dir='ltr'>a</span> <span class='ocrx_word' id='word_1_144' title='bbox 997 2603 1082 2649; x_wconf 91' lang='lat' dir='ltr'>con-</span> 
     </span>
     <span class='ocr_line' id='line_1_23' title="bbox 81 2681 1082 2774; baseline -0.002 -20"><span class='ocrx_word' id='word_1_145' title='bbox 81 2681 193 2754; x_wconf 89' lang='lat' dir='ltr'>traria</span> <span class='ocrx_word' id='word_1_146' title='bbox 209 2683 466 2756; x_wconf 87' lang='lat' dir='ltr'>constitutione</span> <span class='ocrx_word' id='word_1_147' title='bbox 480 2686 595 2754; x_wconf 88' lang='lat' dir='ltr'>factus</span> <span class='ocrx_word' id='word_1_148' title='bbox 608 2683 851 2768; x_wconf 88' lang='lat' dir='ltr'>moderatior,</span> <span class='ocrx_word' id='word_1_149' title='bbox 877 2683 992 2774; x_wconf 89' lang='lat' dir='ltr'>magis</span> <span class='ocrx_word' id='word_1_150' title='bbox 1013 2682 1082 2752; x_wconf 87' lang='lat' dir='ltr'>erit</span> 
     </span>
     <span class='ocr_line' id='line_1_24' title="bbox 81 2799 314 2878; baseline 0.021 -23"><span class='ocrx_word' id='word_1_151' title='bbox 81 2799 314 2878; x_wconf 84' lang='lat' dir='ltr'>temperatus.</span> 
     </span>
    </p>
   </div>
   <div class='ocr_carea' id='block_1_7' title="bbox 196 2989 966 3080">
    <p class='ocr_par' dir='ltr' id='par_1_7' title="bbox 196 2989 966 3080">
     <span class='ocr_line' id='line_1_25' title="bbox 196 2989 966 3080; baseline 0 -20"><span class='ocrx_word' id='word_1_152' title='bbox 196 2994 288 3078; x_wconf 78' lang='lat' dir='ltr'>Quid</span> <span class='ocrx_word' id='word_1_153' title='bbox 311 2991 447 3062; x_wconf 82' lang='lat' dir='ltr'>valeant</span> <span class='ocrx_word' id='word_1_154' title='bbox 468 2993 595 3061; x_wconf 78' lang='lat' dir='ltr'>diversi</span> <span class='ocrx_word' id='word_1_155' title='bbox 613 2993 745 3080; x_wconf 82' lang='lat' dir='ltr'>positus</span> <span class='ocrx_word' id='word_1_156' title='bbox 770 2990 815 3060; x_wconf 85' lang='lat' dir='ltr'>od</span> <span class='ocrx_word' id='word_1_157' title='bbox 840 2989 966 3062; x_wconf 83' lang='lat' dir='ltr'>Solem.</span> 
     </span>
    </p>
   </div>
   <div class='ocr_carea' id='block_1_8' title="bbox 79 3127 1084 3429">
    <p class='ocr_par' dir='ltr' id='par_1_8' title="bbox 79 3127 1084 3429">
     <span class='ocr_line' id='line_1_26' title="bbox 182 3127 1084 3228; baseline 0 -30"><span class='ocrx_word' id='word_1_158' title='bbox 182 3127 259 3200; x_wconf 89' lang='lat' dir='ltr'>Iam</span> <span class='ocrx_word' id='word_1_159' title='bbox 290 3141 328 3199; x_wconf 90' lang='lat' dir='ltr'>et</span> <span class='ocrx_word' id='word_1_160' title='bbox 348 3141 497 3222; x_wconf 87' lang='lat' dir='ltr'>propter</span> <span class='ocrx_word' id='word_1_161' title='bbox 517 3129 655 3222; x_wconf 88' lang='lat' dir='ltr'>positus</span> <span class='ocrx_word' id='word_1_162' title='bbox 679 3131 725 3200; x_wconf 88' lang='lat' dir='ltr'>ad</span> <span class='ocrx_word' id='word_1_163' title='bbox 748 3129 869 3200; x_wconf 88' lang='lat' dir='ltr'>Solem</span> <span class='ocrx_word' id='word_1_164' title='bbox 889 3129 1084 3228; x_wconf 75' lang='lat' dir='ltr'>intendunt</span> 
     </span>
     <span class='ocr_line' id='line_1_27' title="bbox 79 3230 1083 3325; baseline -0.001 -22"><span class='ocrx_word' id='word_1_165' title='bbox 79 3247 144 3304; x_wconf 89' lang='lat' dir='ltr'>aut</span> <span class='ocrx_word' id='word_1_166' title='bbox 159 3233 351 3303; x_wconf 91' lang='lat' dir='ltr'>remittunt</span> <span class='ocrx_word' id='word_1_167' title='bbox 366 3258 448 3304; x_wconf 89' lang='lat' dir='ltr'>suas</span> <span class='ocrx_word' id='word_1_168' title='bbox 462 3233 557 3304; x_wconf 87' lang='lat' dir='ltr'>vires</span> <span class='ocrx_word' id='word_1_169' title='bbox 573 3231 698 3316; x_wconf 90' lang='lat' dir='ltr'>Luna,</span> <span class='ocrx_word' id='word_1_170' title='bbox 725 3231 921 3316; x_wconf 89' lang='lat' dir='ltr'>Saturnus,</span> <span class='ocrx_word' id='word_1_171' title='bbox 946 3230 1083 3325; x_wconf 87' lang='lat' dir='ltr'>Iupiter</span> 
     </span>
     <span class='ocr_line' id='line_1_28' title="bbox 81 3334 1083 3429; baseline -0.004 -21"><span class='ocrx_word' id='word_1_172' title='bbox 81 3349 116 3408; x_wconf 89' lang='lat' dir='ltr'>et</span> <span class='ocrx_word' id='word_1_173' title='bbox 129 3337 245 3409; x_wconf 88' lang='lat' dir='ltr'>Mars.</span> <span class='ocrx_word' id='word_1_174' title='bbox 302 3334 408 3406; x_wconf 88' lang='lat' dir='ltr'>Luna</span> <span class='ocrx_word' id='word_1_175' title='bbox 424 3335 555 3404; x_wconf 90' lang='lat' dir='ltr'>enima</span> <span class='ocrx_word' id='word_1_176' title='bbox 576 3335 848 3420; x_wconf 91' lang='lat' dir='ltr'>coniunctione,</span> <span class='ocrx_word' id='word_1_177' title='bbox 881 3337 996 3405; x_wconf 88' lang='lat' dir='ltr'>donec</span> <span class='ocrx_word' id='word_1_178' title='bbox 1020 3361 1083 3429; x_wconf 90' lang='lat' dir='ltr'>ap-</span> 
     </span>
    </p>
   </div>
   <div class='ocr_carea' id='block_1_9' title="bbox 5 3435 1095 3533">
    <p class='ocr_par' dir='ltr' id='par_1_9' title="bbox 5 3435 1095 3533">
     <span class='ocr_line' id='line_1_29' title="bbox 5 3435 1095 3533; baseline 0.001 -25"><span class='ocrx_word' id='word_1_179' title='bbox 5 3447 7 3462; x_wconf 66' lang='lat'><em>*</em></span> <span class='ocrx_word' id='word_1_180' title='bbox 79 3453 187 3532; x_wconf 89' lang='lat' dir='ltr'>paret</span> <span class='ocrx_word' id='word_1_181' title='bbox 201 3439 408 3524; x_wconf 90' lang='lat' dir='ltr'>dimidiata,</span> <span class='ocrx_word' id='word_1_182' title='bbox 441 3438 556 3530; x_wconf 87' lang='lat' dir='ltr'>magis</span> <span class='ocrx_word' id='word_1_183' title='bbox 575 3453 627 3510; x_wconf 88' lang='lat' dir='ltr'>est</span> <span class='ocrx_word' id='word_1_184' title='bbox 640 3438 800 3530; x_wconf 85' lang='lat' dir='ltr'>rigatrix.</span> <span class='ocrx_word' id='word_1_185' title='bbox 859 3435 945 3508; x_wconf 90' lang='lat' dir='ltr'>lnde</span> <span class='ocrx_word' id='word_1_186' title='bbox 969 3463 1095 3533; x_wconf 83' lang='lat' dir='ltr'>usque-</span> 
     </span>
    </p>
   </div>
   <div class='ocr_carea' id='block_1_10' title="bbox 5 3538 1085 5057">
    <p class='ocr_par' dir='ltr' id='par_1_10' title="bbox 5 3538 1085 5057">
     <span class='ocr_line' id='line_1_30' title="bbox 81 3538 1082 3635; baseline 0.002 -25"><span class='ocrx_word' id='word_1_187' title='bbox 81 3545 128 3612; x_wconf 86' lang='lat' dir='ltr'>ad</span> <span class='ocrx_word' id='word_1_188' title='bbox 151 3543 394 3635; x_wconf 89' lang='lat' dir='ltr'>plenilunium</span> <span class='ocrx_word' id='word_1_189' title='bbox 418 3541 590 3613; x_wconf 91' lang='lat' dir='ltr'>calefacit.</span> <span class='ocrx_word' id='word_1_190' title='bbox 656 3538 933 3633; x_wconf 86' lang='lat' dir='ltr'>Aplenilunio,</span> <span class='ocrx_word' id='word_1_191' title='bbox 967 3542 1082 3612; x_wconf 91' lang='lat' dir='ltr'>donec</span> 
     </span>
     <span class='ocr_line' id='line_1_31' title="bbox 5 3643 1082 3737; baseline 0.002 -25"><span class='ocrx_word' id='word_1_192' title='bbox 5 3703 7 3724; x_wconf 64' lang='lat'>,</span> <span class='ocrx_word' id='word_1_193' title='bbox 77 3644 212 3716; x_wconf 89' lang='lat' dir='ltr'>iterum</span> <span class='ocrx_word' id='word_1_194' title='bbox 230 3645 417 3714; x_wconf 90' lang='lat' dir='ltr'>dimidiata</span> <span class='ocrx_word' id='word_1_195' title='bbox 435 3647 604 3737; x_wconf 82' lang='lat' dir='ltr'>adparet,</span> <span class='ocrx_word' id='word_1_196' title='bbox 630 3643 793 3715; x_wconf 88' lang='lat' dir='ltr'>desiccat.</span> <span class='ocrx_word' id='word_1_197' title='bbox 845 3643 967 3714; x_wconf 87' lang='lat' dir='ltr'>Abeo</span> <span class='ocrx_word' id='word_1_198' title='bbox 993 3657 1082 3715; x_wconf 83' lang='lat' dir='ltr'>tern-</span> 
     </span>
     <span class='ocr_line' id='line_1_32' title="bbox 79 3747 780 3841; baseline -0.001 -23"><span class='ocrx_word' id='word_1_199' title='bbox 79 3771 191 3841; x_wconf 91' lang='lat' dir='ltr'>pore,</span> <span class='ocrx_word' id='word_1_200' title='bbox 219 3751 336 3818; x_wconf 90' lang='lat' dir='ltr'>donec</span> <span class='ocrx_word' id='word_1_201' title='bbox 351 3747 569 3832; x_wconf 89' lang='lat' dir='ltr'>occultatur,</span> <span class='ocrx_word' id='word_1_202' title='bbox 592 3747 780 3837; x_wconf 85' lang='lat' dir='ltr'>frigefacit.</span> 
     </span>
     <span class='ocr_line' id='line_1_33' title="bbox 5 3843 1083 3940; baseline -0.003 -18"><span class='ocrx_word' id='word_1_203' title='bbox 5 3843 6 3854; x_wconf 39' lang='lat'>¹</span> <span class='ocrx_word' id='word_1_204' title='bbox 183 3851 359 3922; x_wconf 84' lang='lat' dir='ltr'>Errantes</span> <span class='ocrx_word' id='word_1_205' title='bbox 374 3873 466 3940; x_wconf 39' lang='lat' dir='ltr'>vero·</span> <span class='ocrx_word' id='word_1_206' title='bbox 478 3851 619 3933; x_wconf 87' lang='lat' dir='ltr'>stellae,</span> <span class='ocrx_word' id='word_1_207' title='bbox 645 3852 759 3919; x_wconf 91' lang='lat' dir='ltr'>donec</span> <span class='ocrx_word' id='word_1_208' title='bbox 773 3861 855 3920; x_wconf 91' lang='lat' dir='ltr'>sunt</span> <span class='ocrx_word' id='word_1_209' title='bbox 871 3850 1083 3933; x_wconf 90' lang='lat' dir='ltr'>matutinae,</span> 
     </span>
     <span class='ocr_line' id='line_1_34' title="bbox 78 3949 1082 4050; baseline -0.004 -24"><span class='ocrx_word' id='word_1_210' title='bbox 78 3980 193 4050; x_wconf 91' lang='lat' dir='ltr'>usque</span> <span class='ocrx_word' id='word_1_211' title='bbox 212 3957 264 4046; x_wconf 41' lang='lat' dir='ltr'>ad,</span> <span class='ocrx_word' id='word_1_212' title='bbox 277 3954 431 4046; x_wconf 91' lang='lat' dir='ltr'>primam</span> <span class='ocrx_word' id='word_1_213' title='bbox 449 3953 654 4038; x_wconf 91' lang='lat' dir='ltr'>stationem,</span> <span class='ocrx_word' id='word_1_214' title='bbox 677 3953 790 4043; x_wconf 85' lang='lat' dir='ltr'>magis</span> <span class='ocrx_word' id='word_1_215' title='bbox 806 3949 1082 4034; x_wconf 78' lang='lat' dir='ltr'>humectant3&#39;a</span> 
     </span>
     <span class='ocr_line' id='line_1_35' title="bbox 79 4055 1082 4150; baseline -0.004 -22"><span class='ocrx_word' id='word_1_216' title='bbox 79 4059 199 4150; x_wconf 90' lang='lat' dir='ltr'>prima</span> <span class='ocrx_word' id='word_1_217' title='bbox 217 4057 391 4142; x_wconf 90' lang='lat' dir='ltr'>statione,</span> <span class='ocrx_word' id='word_1_218' title='bbox 418 4058 532 4126; x_wconf 88' lang='lat' dir='ltr'>donec</span> <span class='ocrx_word' id='word_1_219' title='bbox 546 4055 651 4125; x_wconf 91' lang='lat' dir='ltr'>initio</span> <span class='ocrx_word' id='word_1_220' title='bbox 668 4055 783 4126; x_wconf 88' lang='lat' dir='ltr'>noctis</span> <span class='ocrx_word' id='word_1_221' title='bbox 802 4056 980 4140; x_wconf 90' lang='lat' dir='ltr'>oriuntur,</span> <span class='ocrx_word' id='word_1_222' title='bbox 1007 4079 1082 4150; x_wconf 65' lang='lat' dir='ltr'>ma7</span> 
     </span>
     <span class='ocr_line' id='line_1_36' title="bbox 81 4157 1082 4254; baseline -0.002 -24"><span class='ocrx_word' id='word_1_223' title='bbox 81 4163 132 4254; x_wconf 81' lang='lat' dir='ltr'>gis</span> <span class='ocrx_word' id='word_1_224' title='bbox 151 4161 376 4231; x_wconf 89' lang='lat' dir='ltr'>calefaciunt.</span> <span class='ocrx_word' id='word_1_225' title='bbox 410 4159 467 4228; x_wconf 80' lang='lat' dir='ltr'>Ab</span> <span class='ocrx_word' id='word_1_226' title='bbox 482 4172 565 4230; x_wconf 90' lang='lat' dir='ltr'>ortu</span> <span class='ocrx_word' id='word_1_227' title='bbox 580 4172 699 4229; x_wconf 89' lang='lat' dir='ltr'>autem</span> <span class='ocrx_word' id='word_1_228' title='bbox 717 4157 942 4251; x_wconf 90' lang='lat' dir='ltr'>vespertino,</span> <span class='ocrx_word' id='word_1_229' title='bbox 969 4182 1082 4254; x_wconf 90' lang='lat' dir='ltr'>usque</span> 
     </span>
     <span class='ocr_line' id='line_1_37' title="bbox 81 4261 1083 4352; baseline -0.004 -18"><span class='ocrx_word' id='word_1_230' title='bbox 81 4267 125 4334; x_wconf 91' lang='lat' dir='ltr'>ad</span> <span class='ocrx_word' id='word_1_231' title='bbox 142 4265 340 4336; x_wconf 89' lang='lat' dir='ltr'>secundam</span> <span class='ocrx_word' id='word_1_232' title='bbox 355 4263 568 4343; x_wconf 89' lang='lat' dir='ltr'>stationem,</span> <span class='ocrx_word' id='word_1_233' title='bbox 593 4261 706 4352; x_wconf 89' lang='lat' dir='ltr'>magis</span> <span class='ocrx_word' id='word_1_234' title='bbox 723 4261 913 4332; x_wconf 88' lang='lat' dir='ltr'>desiccant.</span> <span class='ocrx_word' id='word_1_235' title='bbox 974 4261 1007 4330; x_wconf 85' lang='lat' dir='ltr'>A</span> <span class='ocrx_word' id='word_1_236' title='bbox 1028 4287 1083 4332; x_wconf 90' lang='lat' dir='ltr'>se·</span> 
     </span>
     <span class='ocr_line' id='line_1_38' title="bbox 82 4363 1083 4458; baseline -0.004 -20"><span class='ocrx_word' id='word_1_237' title='bbox 82 4371 200 4438; x_wconf 90' lang='lat' dir='ltr'>cunda</span> <span class='ocrx_word' id='word_1_238' title='bbox 226 4369 400 4448; x_wconf 88' lang='lat' dir='ltr'>statione,</span> <span class='ocrx_word' id='word_1_239' title='bbox 434 4389 546 4458; x_wconf 90' lang='lat' dir='ltr'>usque</span> <span class='ocrx_word' id='word_1_240' title='bbox 570 4366 616 4433; x_wconf 91' lang='lat' dir='ltr'>ad</span> <span class='ocrx_word' id='word_1_241' title='bbox 640 4365 936 4447; x_wconf 87' lang='lat' dir='ltr'>occultationem,</span> <span class='ocrx_word' id='word_1_242' title='bbox 969 4363 1083 4456; x_wconf 87' lang='lat' dir='ltr'>magis</span> 
     </span>
     <span class='ocr_line' id='line_1_39' title="bbox 81 4466 1082 4562; baseline -0.005 -22"><span class='ocrx_word' id='word_1_243' title='bbox 81 4469 322 4562; x_wconf 79' lang='lat' dir='ltr'>frigefaciunt.</span> <span class='ocrx_word' id='word_1_244' title='bbox 396 4467 626 4539; x_wconf 89' lang='lat' dir='ltr'>Manifestum</span> <span class='ocrx_word' id='word_1_245' title='bbox 657 4480 708 4538; x_wconf 91' lang='lat' dir='ltr'>est</span> <span class='ocrx_word' id='word_1_246' title='bbox 741 4481 882 4552; x_wconf 90' lang='lat' dir='ltr'>autem,</span> <span class='ocrx_word' id='word_1_247' title='bbox 923 4466 1018 4536; x_wconf 86' lang='lat' dir='ltr'>inter</span> <span class='ocrx_word' id='word_1_248' title='bbox 1046 4491 1082 4538; x_wconf 89' lang='lat' dir='ltr'>se</span> 
     </span>
     <span class='ocr_line' id='line_1_40' title="bbox 83 4569 1082 4664; baseline -0.006 -21"><span class='ocrx_word' id='word_1_249' title='bbox 83 4573 298 4643; x_wconf 85' lang='lat' dir='ltr'>commixtas</span> <span class='ocrx_word' id='word_1_250' title='bbox 335 4596 504 4662; x_wconf 87' lang='lat' dir='ltr'>magnam</span> <span class='ocrx_word' id='word_1_251' title='bbox 541 4569 753 4640; x_wconf 88' lang='lat' dir='ltr'>varietatem</span> <span class='ocrx_word' id='word_1_252' title='bbox 789 4570 1002 4664; x_wconf 86' lang='lat' dir='ltr'>qualitatum</span> <span class='ocrx_word' id='word_1_253' title='bbox 1044 4569 1082 4638; x_wconf 90' lang='lat' dir='ltr'>in</span> 
     </span>
     <span class='ocr_line' id='line_1_41' title="bbox 83 4671 1083 4765; baseline -0.002 -20"><span class='ocrx_word' id='word_1_254' title='bbox 83 4673 153 4745; x_wconf 93' lang='lat' dir='ltr'>boc</span> <span class='ocrx_word' id='word_1_255' title='bbox 171 4677 387 4746; x_wconf 90' lang='lat' dir='ltr'>circumfuso</span> <span class='ocrx_word' id='word_1_256' title='bbox 404 4699 485 4743; x_wconf 89' lang='lat' dir='ltr'>aere</span> <span class='ocrx_word' id='word_1_257' title='bbox 502 4671 652 4756; x_wconf 83' lang='lat' dir='ltr'>efficere,</span> <span class='ocrx_word' id='word_1_258' title='bbox 679 4673 728 4742; x_wconf 90' lang='lat' dir='ltr'>ita</span> <span class='ocrx_word' id='word_1_259' title='bbox 747 4687 785 4742; x_wconf 90' lang='lat' dir='ltr'>nt</span> <span class='ocrx_word' id='word_1_260' title='bbox 801 4674 948 4765; x_wconf 88' lang='lat' dir='ltr'>propria</span> <span class='ocrx_word' id='word_1_261' title='bbox 967 4672 1083 4743; x_wconf 74' lang='lat' dir='ltr'>c‘uius·</span> 
     </span>
     <span class='ocr_line' id='line_1_42' title="bbox 83 4773 1084 4874; baseline -0.006 -25"><span class='ocrx_word' id='word_1_262' title='bbox 83 4779 169 4849; x_wconf 90' lang='lat' dir='ltr'>libet</span> <span class='ocrx_word' id='word_1_263' title='bbox 193 4779 317 4850; x_wconf 88' lang='lat' dir='ltr'>stellae</span> <span class='ocrx_word' id='word_1_264' title='bbox 343 4773 495 4874; x_wconf 89' lang='lat' dir='ltr'>qualitas</span> <span class='ocrx_word' id='word_1_265' title='bbox 520 4777 728 4846; x_wconf 87' lang='lat' dir='ltr'>dominetur</span> <span class='ocrx_word' id='word_1_266' title='bbox 737 4803 747 4860; x_wconf 92' lang='lat'>;</span> <span class='ocrx_word' id='word_1_267' title='bbox 784 4779 850 4863; x_wconf 25' lang='lat' dir='ltr'>,scd</span> <span class='ocrx_word' id='word_1_268' title='bbox 874 4789 996 4846; x_wconf 90' lang='lat' dir='ltr'>tamen</span> <span class='ocrx_word' id='word_1_269' title='bbox 1020 4777 1084 4845; x_wconf 71' lang='lat' dir='ltr'>ati:</span> 
     </span>
     <span class='ocr_line' id='line_1_43' title="bbox 86 4879 1085 4976; baseline -0.001 -26"><span class='ocrx_word' id='word_1_270' title='bbox 86 4908 154 4976; x_wconf 88' lang='lat' dir='ltr'>qua</span> <span class='ocrx_word' id='word_1_271' title='bbox 171 4907 213 4952; x_wconf 81' lang='lat' dir='ltr'>ex</span> <span class='ocrx_word' id='word_1_272' title='bbox 229 4896 353 4974; x_wconf 90' lang='lat' dir='ltr'>parte,</span> <span class='ocrx_word' id='word_1_273' title='bbox 380 4894 529 4974; x_wconf 90' lang='lat' dir='ltr'>propter</span> <span class='ocrx_word' id='word_1_274' title='bbox 543 4879 699 4974; x_wconf 86' lang='lat' dir='ltr'>positum</span> <span class='ocrx_word' id='word_1_275' title='bbox 714 4879 1004 4974; x_wconf 89' lang='lat' dir='ltr'>repugnantium,</span> <span class='ocrx_word' id='word_1_276' title='bbox 1016 4897 1085 4950; x_wconf 78' lang='lat' dir='ltr'>&#39;co-</span> 
     </span>
     <span class='ocr_line' id='line_1_44' title="bbox 87 4979 794 5057; baseline 0 -3"><span class='ocrx_word' id='word_1_277' title='bbox 87 4979 286 5057; x_wconf 88' lang='lat' dir='ltr'>herceatur.</span> <span class='ocrx_word' id='word_1_278' title='bbox 792 5003 794 5010; x_wconf 80' lang='grc'><em>’</em></span> 
     </span>
    </p>
   </div>
   <div class='ocr_carea' id='block_1_11' title="bbox 281 5195 889 5298">
    <p class='ocr_par' dir='ltr' id='par_1_11' title="bbox 281 5195 889 5298">
     <span class='ocr_line' id='line_1_45' title="bbox 281 5195 889 5298; baseline -0.01 -28"><span class='ocrx_word' id='word_1_279' title='bbox 281 5201 337 5270; x_wconf 87' lang='lat' dir='ltr'>De</span> <span class='ocrx_word' id='word_1_280' title='bbox 362 5195 494 5268; x_wconf 77' lang='lat' dir='ltr'>viridas</span> <span class='ocrx_word' id='word_1_281' title='bbox 520 5199 697 5270; x_wconf 81' lang='lat' dir='ltr'>stellarum</span> <span class='ocrx_word' id='word_1_282' title='bbox 719 5195 889 5298; x_wconf 63' lang='lat' dir='ltr'>ficorum.</span> 
     </span>
    </p>
   </div>
   <div class='ocr_carea' id='block_1_12' title="bbox 78 5325 1085 5536">
    <p class='ocr_par' dir='ltr' id='par_1_12' title="bbox 78 5325 1085 5536">
     <span class='ocr_line' id='line_1_46' title="bbox 78 5325 1085 5434; baseline -0.01 -23"><span class='ocrx_word' id='word_1_283' title='bbox 78 5347 86 5368; x_wconf 87' lang='lat'>&#39;</span> <span class='ocrx_word' id='word_1_284' title='bbox 183 5336 380 5434; x_wconf 83' lang='lat' dir='ltr'>Sequitur,</span> <span class='ocrx_word' id='word_1_285' title='bbox 403 5350 445 5408; x_wconf 92' lang='lat' dir='ltr'>ut</span> <span class='ocrx_word' id='word_1_286' title='bbox 461 5325 644 5428; x_wconf 69' lang='lat' dir='ltr'>stellarum</span> <span class='ocrx_word' id='word_1_287' title='bbox 669 5333 1009 5428; x_wconf 82' lang='lat' dir='ltr'>fixarumproprias</span> <span class='ocrx_word' id='word_1_288' title='bbox 1025 5334 1085 5404; x_wconf 70' lang='lat' dir='ltr'>eb</span> 
     </span>
     <span class='ocr_line' id='line_1_47' title="bbox 87 5435 1084 5536; baseline 0 -28"><span class='ocrx_word' id='word_1_289' title='bbox 87 5435 250 5514; x_wconf 80' lang='lat' dir='ltr'>factiones</span> <span class='ocrx_word' id='word_1_290' title='bbox 266 5463 552 5536; x_wconf 63' lang='lat' dir='ltr'>percurramus„</span> <span class='ocrx_word' id='word_1_291' title='bbox 567 5437 808 5533; x_wconf 74' lang='lat' dir='ltr'>deprehensas</span> <span class='ocrx_word' id='word_1_292' title='bbox 824 5439 865 5511; x_wconf 90' lang='lat' dir='ltr'>in</span> <span class='ocrx_word' id='word_1_293' title='bbox 880 5463 1007 5530; x_wconf 69' lang='lat' dir='ltr'>¹aarum</span> <span class='ocrx_word' id='word_1_294' title='bbox 1018 5461 1084 5508; x_wconf 86' lang='lat' dir='ltr'>ua·</span> 
     </span>
    </p>
   </div>
   <div class='ocr_carea' id='block_1_13' title="bbox 1131 383 2219 5216">
    <p class='ocr_par' dir='ltr' id='par_1_13' title="bbox 1131 383 2141 662">
     <span class='ocr_line' id='line_1_48' title="bbox 1131 383 2141 484; baseline 0.011 -30"><span class='ocrx_word' id='word_1_295' title='bbox 1131 385 1239 458; x_wconf 87' lang='lat' dir='ltr'>turis:</span> <span class='ocrx_word' id='word_1_296' title='bbox 1264 407 1353 480; x_wconf 89' lang='lat' dir='ltr'>quas</span> <span class='ocrx_word' id='word_1_297' title='bbox 1368 383 1419 454; x_wconf 91' lang='lat' dir='ltr'>ita</span> <span class='ocrx_word' id='word_1_298' title='bbox 1438 383 1616 472; x_wconf 88' lang='lat' dir='ltr'>recitabo,</span> <span class='ocrx_word' id='word_1_299' title='bbox 1641 396 1683 454; x_wconf 89' lang='lat' dir='ltr'>ut</span> <span class='ocrx_word' id='word_1_300' title='bbox 1697 383 2028 460; x_wconf 86' lang='lat' dir='ltr'>adsimilitudinem</span> <span class='ocrx_word' id='word_1_301' title='bbox 2054 391 2141 484; x_wconf 75' lang='lat' dir='ltr'>pla..</span> 
     </span>
     <span class='ocr_line' id='line_1_49' title="bbox 1131 487 2134 564; baseline 0.006 -6"><span class='ocrx_word' id='word_1_302' title='bbox 1131 502 1297 559; x_wconf 89' lang='lat' dir='ltr'>netarum</span> <span class='ocrx_word' id='word_1_303' title='bbox 1313 490 1594 560; x_wconf 85' lang='lat' dir='ltr'>accommodem.</span> <span class='ocrx_word' id='word_1_304' title='bbox 1645 488 1698 558; x_wconf 83' lang='lat' dir='ltr'>Ac</span> <span class='ocrx_word' id='word_1_305' title='bbox 1720 487 1824 558; x_wconf 90' lang='lat' dir='ltr'>initio</span> <span class='ocrx_word' id='word_1_306' title='bbox 1847 515 1867 558; x_wconf 90' lang='lat' dir='ltr'>a</span> <span class='ocrx_word' id='word_1_307' title='bbox 1890 490 2049 562; x_wconf 87' lang='lat' dir='ltr'>Zodiaco</span> <span class='ocrx_word' id='word_1_308' title='bbox 2074 518 2134 564; x_wconf 89' lang='lat' dir='ltr'>or·-</span> 
     </span>
     <span class='ocr_line' id='line_1_50' title="bbox 1132 594 1817 662; baseline 0.003 0"><span class='ocrx_word' id='word_1_309' title='bbox 1132 594 1286 662; x_wconf 85' lang='lat' dir='ltr'>diemur.</span> <span class='ocrx_word' id='word_1_310' title='bbox 1813 609 1817 617; x_wconf 75' lang='grc'><em>“</em></span> 
     </span>
    </p>

    <p class='ocr_par' dir='ltr' id='par_1_14' title="bbox 1133 689 2133 1182">
     <span class='ocr_line' id='line_1_51' title="bbox 1233 689 2130 790; baseline 0.011 -26"><span class='ocrx_word' id='word_1_311' title='bbox 1233 692 1364 764; x_wconf 88' lang='lat' dir='ltr'>Stellae</span> <span class='ocrx_word' id='word_1_312' title='bbox 1380 692 1419 762; x_wconf 93' lang='lat' dir='ltr'>in</span> <span class='ocrx_word' id='word_1_313' title='bbox 1435 693 1551 790; x_wconf 90' lang='lat' dir='ltr'>capite</span> <span class='ocrx_word' id='word_1_314' title='bbox 1567 689 1698 763; x_wconf 81' lang='lat' dir='ltr'>Arietis</span> <span class='ocrx_word' id='word_1_315' title='bbox 1716 693 1789 763; x_wconf 89' lang='lat' dir='ltr'>vim</span> <span class='ocrx_word' id='word_1_316' title='bbox 1807 691 1943 766; x_wconf 80' lang='lat' dir='ltr'>babent</span> <span class='ocrx_word' id='word_1_317' title='bbox 1967 700 2130 788; x_wconf 81' lang='lat' dir='ltr'>mixtam,</span> 
     </span>
     <span class='ocr_line' id='line_1_52' title="bbox 1133 795 2133 892; baseline 0.008 -24"><span class='ocrx_word' id='word_1_318' title='bbox 1133 823 1175 868; x_wconf 82' lang='lat' dir='ltr'>ex</span> <span class='ocrx_word' id='word_1_319' title='bbox 1190 810 1317 866; x_wconf 92' lang='lat' dir='ltr'>natura</span> <span class='ocrx_word' id='word_1_320' title='bbox 1335 795 1463 866; x_wconf 89' lang='lat' dir='ltr'>Martis</span> <span class='ocrx_word' id='word_1_321' title='bbox 1481 809 1517 864; x_wconf 89' lang='lat' dir='ltr'>et</span> <span class='ocrx_word' id='word_1_322' title='bbox 1533 795 1691 868; x_wconf 88' lang='lat' dir='ltr'>Saturni.</span> <span class='ocrx_word' id='word_1_323' title='bbox 1750 798 1852 892; x_wconf 85' lang='lat' dir='ltr'>Quae</span> <span class='ocrx_word' id='word_1_324' title='bbox 1875 825 1961 870; x_wconf 88' lang='lat' dir='ltr'>vero</span> <span class='ocrx_word' id='word_1_325' title='bbox 1984 817 2069 874; x_wconf 84' lang='lat' dir='ltr'>sunt</span> <span class='ocrx_word' id='word_1_326' title='bbox 2093 807 2133 876; x_wconf 90' lang='lat' dir='ltr'>in</span> 
     </span>
     <span class='ocr_line' id='line_1_53' title="bbox 1134 892 2131 986; baseline 0.012 -18"><span class='ocrx_word' id='word_1_327' title='bbox 1134 925 1214 983; x_wconf 85' lang='lat' dir='ltr'>ore,</span> <span class='ocrx_word' id='word_1_328' title='bbox 1240 897 1312 967; x_wconf 88' lang='lat' dir='ltr'>vim</span> <span class='ocrx_word' id='word_1_329' title='bbox 1339 899 1490 969; x_wconf 90' lang='lat' dir='ltr'>similem</span> <span class='ocrx_word' id='word_1_330' title='bbox 1517 892 1652 968; x_wconf 89' lang='lat' dir='ltr'>habent</span> <span class='ocrx_word' id='word_1_331' title='bbox 1667 899 1868 986; x_wconf 88' lang='lat' dir='ltr'>Mercurio,</span> <span class='ocrx_word' id='word_1_332' title='bbox 1902 915 1938 972; x_wconf 89' lang='lat' dir='ltr'>et</span> <span class='ocrx_word' id='word_1_333' title='bbox 1962 904 2131 980; x_wconf 89' lang='lat' dir='ltr'>nonnihil</span> 
     </span>
     <span class='ocr_line' id='line_1_54' title="bbox 1133 999 2132 1100; baseline 0.012 -28"><span class='ocrx_word' id='word_1_334' title='bbox 1133 1004 1303 1072; x_wconf 87' lang='lat' dir='ltr'>Saturno.</span> <span class='ocrx_word' id='word_1_335' title='bbox 1369 999 1471 1094; x_wconf 86' lang='lat' dir='ltr'>Quae</span> <span class='ocrx_word' id='word_1_336' title='bbox 1502 1025 1588 1069; x_wconf 90' lang='lat' dir='ltr'>vero</span> <span class='ocrx_word' id='word_1_337' title='bbox 1620 1015 1704 1070; x_wconf 89' lang='lat' dir='ltr'>sunt</span> <span class='ocrx_word' id='word_1_338' title='bbox 1732 1003 1769 1072; x_wconf 93' lang='lat' dir='ltr'>in</span> <span class='ocrx_word' id='word_1_339' title='bbox 1799 1007 1889 1096; x_wconf 88' lang='lat' dir='ltr'>pede</span> <span class='ocrx_word' id='word_1_340' title='bbox 1919 1011 2132 1100; x_wconf 89' lang='lat' dir='ltr'>posteriore,</span> 
     </span>
     <span class='ocr_line' id='line_1_55' title="bbox 1133 1101 1925 1182; baseline 0.008 -6"><span class='ocrx_word' id='word_1_341' title='bbox 1133 1117 1217 1176; x_wconf 93' lang='lat' dir='ltr'>sunt</span> <span class='ocrx_word' id='word_1_342' title='bbox 1231 1103 1396 1174; x_wconf 87' lang='lat' dir='ltr'>Martiae.</span> <span class='ocrx_word' id='word_1_343' title='bbox 1449 1101 1490 1172; x_wconf 89' lang='lat' dir='ltr'>ln</span> <span class='ocrx_word' id='word_1_344' title='bbox 1506 1105 1617 1172; x_wconf 89' lang='lat' dir='ltr'>cauda</span> <span class='ocrx_word' id='word_1_345' title='bbox 1632 1103 1814 1177; x_wconf 88' lang='lat' dir='ltr'>Venereae</span> <span class='ocrx_word' id='word_1_346' title='bbox 1830 1122 1925 1182; x_wconf 90' lang='lat' dir='ltr'>suot.</span> 
     </span>
    </p>

    <p class='ocr_par' dir='ltr' id='par_1_15' title="bbox 1133 1205 2219 2307">
     <span class='ocr_line' id='line_1_56' title="bbox 1235 1205 2132 1303; baseline 0 -27"><span class='ocrx_word' id='word_1_347' title='bbox 1235 1206 1308 1276; x_wconf 92' lang='lat' dir='ltr'>Ubi</span> <span class='ocrx_word' id='word_1_348' title='bbox 1333 1205 1446 1276; x_wconf 90' lang='lat' dir='ltr'>Tauri</span> <span class='ocrx_word' id='word_1_349' title='bbox 1472 1207 1612 1297; x_wconf 87' lang='lat' dir='ltr'>signum</span> <span class='ocrx_word' id='word_1_350' title='bbox 1638 1209 1740 1302; x_wconf 83' lang='lat' dir='ltr'>quasi</span> <span class='ocrx_word' id='word_1_351' title='bbox 1765 1225 1990 1303; x_wconf 87' lang='lat' dir='ltr'>amputatum</span> <span class='ocrx_word' id='word_1_352' title='bbox 2017 1222 2132 1298; x_wconf 74' lang='lat' dir='ltr'>carni.</span> 
     </span>
     <span class='ocr_line' id='line_1_57' title="bbox 1133 1309 2132 1398; baseline 0.008 -19"><span class='ocrx_word' id='word_1_353' title='bbox 1133 1323 1210 1395; x_wconf 91' lang='lat' dir='ltr'>tur,</span> <span class='ocrx_word' id='word_1_354' title='bbox 1237 1309 1418 1380; x_wconf 87' lang='lat' dir='ltr'>Venereae</span> <span class='ocrx_word' id='word_1_355' title='bbox 1435 1322 1536 1390; x_wconf 89' lang='lat' dir='ltr'>sunt;</span> <span class='ocrx_word' id='word_1_356' title='bbox 1561 1309 1724 1382; x_wconf 91' lang='lat' dir='ltr'>Pleiades</span> <span class='ocrx_word' id='word_1_357' title='bbox 1739 1313 1974 1388; x_wconf 89' lang='lat' dir='ltr'>veroLonam</span> <span class='ocrx_word' id='word_1_358' title='bbox 1991 1335 2026 1392; x_wconf 92' lang='lat' dir='ltr'>et</span> <span class='ocrx_word' id='word_1_359' title='bbox 2034 1323 2132 1398; x_wconf 79' lang='lat' dir='ltr'>Mar.</span> 
     </span>
     <span class='ocr_line' id='line_1_58' title="bbox 1134 1409 2132 1512; baseline 0.005 -29"><span class='ocrx_word' id='word_1_360' title='bbox 1134 1426 1205 1483; x_wconf 90' lang='lat' dir='ltr'>tem</span> <span class='ocrx_word' id='word_1_361' title='bbox 1229 1413 1400 1484; x_wconf 88' lang='lat' dir='ltr'>referunt.</span> <span class='ocrx_word' id='word_1_362' title='bbox 1457 1409 1636 1504; x_wconf 85' lang='lat' dir='ltr'>incapite</span> <span class='ocrx_word' id='word_1_363' title='bbox 1661 1414 1756 1483; x_wconf 88' lang='lat' dir='ltr'>inter</span> <span class='ocrx_word' id='word_1_364' title='bbox 1780 1415 1926 1512; x_wconf 88' lang='lat' dir='ltr'>Hyadas</span> <span class='ocrx_word' id='word_1_365' title='bbox 1949 1448 2018 1494; x_wconf 89' lang='lat' dir='ltr'>una</span> <span class='ocrx_word' id='word_1_366' title='bbox 2043 1428 2132 1500; x_wconf 78' lang='lat' dir='ltr'>luci.</span> 
     </span>
     <span class='ocr_line' id='line_1_59' title="bbox 1134 1515 2214 1610; baseline 0.018 -24"><span class='ocrx_word' id='word_1_367' title='bbox 1134 1515 1215 1586; x_wconf 92' lang='lat' dir='ltr'>dior</span> <span class='ocrx_word' id='word_1_368' title='bbox 1231 1528 1266 1586; x_wconf 89' lang='lat' dir='ltr'>et</span> <span class='ocrx_word' id='word_1_369' title='bbox 1279 1515 1451 1598; x_wconf 90' lang='lat' dir='ltr'>rutilans,</span> <span class='ocrx_word' id='word_1_370' title='bbox 1479 1538 1570 1610; x_wconf 89' lang='lat' dir='ltr'>quae</span> <span class='ocrx_word' id='word_1_371' title='bbox 1588 1515 1701 1585; x_wconf 90' lang='lat' dir='ltr'>facula</span> <span class='ocrx_word' id='word_1_372' title='bbox 1719 1517 1868 1609; x_wconf 90' lang='lat' dir='ltr'>dicitur,</span> <span class='ocrx_word' id='word_1_373' title='bbox 1892 1519 2023 1596; x_wconf 90' lang='lat' dir='ltr'>Martia</span> <span class='ocrx_word' id='word_1_374' title='bbox 2042 1545 2105 1604; x_wconf 81' lang='lat' dir='ltr'>est.</span> <span class='ocrx_word' id='word_1_375' title='bbox 2209 1581 2214 1593; x_wconf 65' lang='grc'><strong>«</strong></span> 
     </span>
     <span class='ocr_line' id='line_1_60' title="bbox 1236 1613 2134 1711; baseline 0.018 -21"><span class='ocrx_word' id='word_1_376' title='bbox 1236 1617 1474 1690; x_wconf 89' lang='lat' dir='ltr'>Geminorum</span> <span class='ocrx_word' id='word_1_377' title='bbox 1491 1619 1632 1709; x_wconf 88' lang='lat' dir='ltr'>signum</span> <span class='ocrx_word' id='word_1_378' title='bbox 1650 1617 1687 1687; x_wconf 91' lang='lat' dir='ltr'>in</span> <span class='ocrx_word' id='word_1_379' title='bbox 1707 1622 1855 1711; x_wconf 90' lang='lat' dir='ltr'>pedibus</span> <span class='ocrx_word' id='word_1_380' title='bbox 1880 1613 1998 1699; x_wconf 80' lang='lat' dir='ltr'>stellas</span> <span class='ocrx_word' id='word_1_381' title='bbox 2022 1627 2134 1706; x_wconf 87' lang='lat' dir='ltr'>habet</span> 
     </span>
     <span class='ocr_line' id='line_1_61' title="bbox 1134 1721 2133 1813; baseline 0.017 -21"><span class='ocrx_word' id='word_1_382' title='bbox 1134 1721 1259 1792; x_wconf 87' lang='lat' dir='ltr'>similis</span> <span class='ocrx_word' id='word_1_383' title='bbox 1287 1734 1460 1805; x_wconf 90' lang='lat' dir='ltr'>naturae,</span> <span class='ocrx_word' id='word_1_384' title='bbox 1507 1735 1744 1813; x_wconf 83' lang='lat' dir='ltr'>congruentes</span> <span class='ocrx_word' id='word_1_385' title='bbox 1777 1750 1856 1798; x_wconf 92' lang='lat' dir='ltr'>cum</span> <span class='ocrx_word' id='word_1_386' title='bbox 1887 1727 2068 1804; x_wconf 90' lang='lat' dir='ltr'>Mercurio</span> <span class='ocrx_word' id='word_1_387' title='bbox 2097 1750 2133 1809; x_wconf 91' lang='lat' dir='ltr'>et</span> 
     </span>
     <span class='ocr_line' id='line_1_62' title="bbox 1133 1814 2219 1928; baseline 0.018 -35"><span class='ocrx_word' id='word_1_388' title='bbox 1133 1821 1302 1894; x_wconf 91' lang='lat' dir='ltr'>nonnihil</span> <span class='ocrx_word' id='word_1_389' title='bbox 1327 1846 1408 1895; x_wconf 86' lang='lat' dir='ltr'>curn</span> <span class='ocrx_word' id='word_1_390' title='bbox 1431 1823 1584 1894; x_wconf 88' lang='lat' dir='ltr'>Venere.</span> <span class='ocrx_word' id='word_1_391' title='bbox 1651 1823 1720 1894; x_wconf 91' lang='lat' dir='ltr'>Sed</span> <span class='ocrx_word' id='word_1_392' title='bbox 1749 1825 1889 1900; x_wconf 91' lang='lat' dir='ltr'>lucidae</span> <span class='ocrx_word' id='word_1_393' title='bbox 1921 1832 2134 1928; x_wconf 83' lang='lat' dir='ltr'>infamare,</span> <span class='ocrx_word' id='word_1_394' title='bbox 2217 1814 2219 1828; x_wconf 40' lang='grc' dir='ltr'>Ι</span> 
     </span>
     <span class='ocr_line' id='line_1_63' title="bbox 1133 1926 2132 2038; baseline 0.003 -41"><span class='ocrx_word' id='word_1_395' title='bbox 1133 1928 1348 1998; x_wconf 85' lang='lat' dir='ltr'>Saturninae</span> <span class='ocrx_word' id='word_1_396' title='bbox 1364 1940 1458 1998; x_wconf 89' lang='lat' dir='ltr'>sunt.</span> <span class='ocrx_word' id='word_1_397' title='bbox 1510 1926 1551 1996; x_wconf 89' lang='lat' dir='ltr'>lu</span> <span class='ocrx_word' id='word_1_398' title='bbox 1565 1927 1738 2018; x_wconf 88' lang='lat' dir='ltr'>capitibus</span> <span class='ocrx_word' id='word_1_399' title='bbox 1754 1931 1846 2003; x_wconf 90' lang='lat' dir='ltr'>duae</span> <span class='ocrx_word' id='word_1_400' title='bbox 1864 1935 2015 2023; x_wconf 85' lang='lat' dir='ltr'>lucidae,</span> <span class='ocrx_word' id='word_1_401' title='bbox 2044 1969 2132 2038; x_wconf 67' lang='lat' dir='ltr'>qua.</span> 
     </span>
     <span class='ocr_line' id='line_1_64' title="bbox 1133 2029 2131 2124; baseline 0.017 -25"><span class='ocrx_word' id='word_1_402' title='bbox 1133 2055 1214 2101; x_wconf 89' lang='lat' dir='ltr'>rum</span> <span class='ocrx_word' id='word_1_403' title='bbox 1233 2032 1343 2100; x_wconf 87' lang='lat' dir='ltr'>altera</span> <span class='ocrx_word' id='word_1_404' title='bbox 1368 2032 1583 2124; x_wconf 87' lang='lat' dir='ltr'>praecedens</span> <span class='ocrx_word' id='word_1_405' title='bbox 1599 2029 1819 2104; x_wconf 87' lang='lat' dir='ltr'>Mercurium</span> <span class='ocrx_word' id='word_1_406' title='bbox 1844 2039 1970 2124; x_wconf 85' lang='lat' dir='ltr'>refert,</span> <span class='ocrx_word' id='word_1_407' title='bbox 2008 2055 2044 2112; x_wconf 86' lang='lat' dir='ltr'>et</span> <span class='ocrx_word' id='word_1_408' title='bbox 2065 2072 2131 2116; x_wconf 92' lang='lat' dir='ltr'>no-</span> 
     </span>
     <span class='ocr_line' id='line_1_65' title="bbox 1134 2133 2132 2232; baseline 0.013 -30"><span class='ocrx_word' id='word_1_409' title='bbox 1134 2133 1463 2226; x_wconf 84' lang='lat' dir='ltr'>minaturApollo;</span> <span class='ocrx_word' id='word_1_410' title='bbox 1505 2135 1617 2204; x_wconf 91' lang='lat' dir='ltr'>altera</span> <span class='ocrx_word' id='word_1_411' title='bbox 1651 2159 1803 2230; x_wconf 89' lang='lat' dir='ltr'>sequens</span> <span class='ocrx_word' id='word_1_412' title='bbox 1825 2139 1957 2211; x_wconf 90' lang='lat' dir='ltr'>Martia</span> <span class='ocrx_word' id='word_1_413' title='bbox 1984 2158 2056 2232; x_wconf 89' lang='lat' dir='ltr'>est,</span> <span class='ocrx_word' id='word_1_414' title='bbox 2096 2163 2132 2220; x_wconf 87' lang='lat' dir='ltr'>et</span> 
     </span>
     <span class='ocr_line' id='line_1_66' title="bbox 1133 2235 1477 2307; baseline 0.006 -2"><span class='ocrx_word' id='word_1_415' title='bbox 1133 2235 1477 2307; x_wconf 81' lang='lat' dir='ltr'>vocaturliercules.</span> 
     </span>
    </p>

    <p class='ocr_par' dir='ltr' id='par_1_16' title="bbox 1133 2337 2134 3028">
     <span class='ocr_line' id='line_1_67' title="bbox 1235 2337 2133 2431; baseline 0.019 -22"><span class='ocrx_word' id='word_1_416' title='bbox 1235 2337 1276 2409; x_wconf 94' lang='lat' dir='ltr'>In</span> <span class='ocrx_word' id='word_1_417' title='bbox 1294 2339 1424 2410; x_wconf 87' lang='lat' dir='ltr'>Cancri</span> <span class='ocrx_word' id='word_1_418' title='bbox 1445 2338 1556 2408; x_wconf 90' lang='lat' dir='ltr'>oculis</span> <span class='ocrx_word' id='word_1_419' title='bbox 1580 2337 1702 2409; x_wconf 90' lang='lat' dir='ltr'>stellae</span> <span class='ocrx_word' id='word_1_420' title='bbox 1725 2343 1816 2411; x_wconf 92' lang='lat' dir='ltr'>duae</span> <span class='ocrx_word' id='word_1_421' title='bbox 1840 2359 1944 2431; x_wconf 87' lang='lat' dir='ltr'>sunt,</span> <span class='ocrx_word' id='word_1_422' title='bbox 1976 2350 2133 2426; x_wconf 88' lang='lat' dir='ltr'>similem</span> 
     </span>
     <span class='ocr_line' id='line_1_68' title="bbox 1134 2439 2132 2532; baseline 0.014 -20"><span class='ocrx_word' id='word_1_423' title='bbox 1134 2441 1298 2513; x_wconf 84' lang='lat' dir='ltr'>effectum</span> <span class='ocrx_word' id='word_1_424' title='bbox 1317 2439 1509 2526; x_wconf 88' lang='lat' dir='ltr'>habentes,</span> <span class='ocrx_word' id='word_1_425' title='bbox 1546 2455 1781 2532; x_wconf 82' lang='lat' dir='ltr'>congruentes</span> <span class='ocrx_word' id='word_1_426' title='bbox 1802 2445 1983 2522; x_wconf 88' lang='lat' dir='ltr'>Mercurio</span> <span class='ocrx_word' id='word_1_427' title='bbox 2009 2468 2044 2524; x_wconf 90' lang='lat' dir='ltr'>et</span> <span class='ocrx_word' id='word_1_428' title='bbox 2068 2459 2132 2526; x_wconf 89' lang='lat' dir='ltr'>ali-</span> 
     </span>
     <span class='ocr_line' id='line_1_69' title="bbox 1134 2539 2132 2639; baseline 0.016 -25"><span class='ocrx_word' id='word_1_429' title='bbox 1134 2545 1347 2639; x_wconf 83' lang='lat' dir='ltr'>quantulum</span> <span class='ocrx_word' id='word_1_430' title='bbox 1368 2545 1490 2614; x_wconf 90' lang='lat' dir='ltr'>Marti.</span> <span class='ocrx_word' id='word_1_431' title='bbox 1541 2539 1581 2612; x_wconf 92' lang='lat' dir='ltr'>In</span> <span class='ocrx_word' id='word_1_432' title='bbox 1599 2540 1755 2614; x_wconf 88' lang='lat' dir='ltr'>brachiis</span> <span class='ocrx_word' id='word_1_433' title='bbox 1770 2546 1964 2623; x_wconf 89' lang='lat' dir='ltr'>Saturnum</span> <span class='ocrx_word' id='word_1_434' title='bbox 1984 2569 2019 2626; x_wconf 88' lang='lat' dir='ltr'>et</span> <span class='ocrx_word' id='word_1_435' title='bbox 2035 2559 2132 2630; x_wconf 90' lang='lat' dir='ltr'>Mer·</span> 
     </span>
     <span class='ocr_line' id='line_1_70' title="bbox 1134 2643 2132 2748; baseline 0.012 -32"><span class='ocrx_word' id='word_1_436' title='bbox 1134 2649 1273 2718; x_wconf 90' lang='lat' dir='ltr'>curium</span> <span class='ocrx_word' id='word_1_437' title='bbox 1292 2651 1464 2718; x_wconf 87' lang='lat' dir='ltr'>referunt.</span> <span class='ocrx_word' id='word_1_438' title='bbox 1515 2643 1577 2715; x_wconf 89' lang='lat' dir='ltr'>llle</span> <span class='ocrx_word' id='word_1_439' title='bbox 1600 2649 1745 2717; x_wconf 90' lang='lat' dir='ltr'>veroin</span> <span class='ocrx_word' id='word_1_440' title='bbox 1769 2664 1914 2741; x_wconf 89' lang='lat' dir='ltr'>pectore</span> <span class='ocrx_word' id='word_1_441' title='bbox 1937 2681 2045 2748; x_wconf 90' lang='lat' dir='ltr'>gyrus</span> <span class='ocrx_word' id='word_1_442' title='bbox 2070 2688 2132 2735; x_wconf 80' lang='lat' dir='ltr'>ne,-</span> 
     </span>
     <span class='ocr_line' id='line_1_71' title="bbox 1133 2749 2132 2842; baseline 0.018 -23"><span class='ocrx_word' id='word_1_443' title='bbox 1133 2749 1299 2834; x_wconf 85' lang='lat' dir='ltr'>bulosus,</span> <span class='ocrx_word' id='word_1_444' title='bbox 1327 2761 1478 2820; x_wconf 88' lang='lat' dir='ltr'>vocatur</span> <span class='ocrx_word' id='word_1_445' title='bbox 1495 2749 1693 2842; x_wconf 75' lang='lat' dir='ltr'>Praecepe,</span> <span class='ocrx_word' id='word_1_446' title='bbox 1723 2750 1877 2826; x_wconf 91' lang='lat' dir='ltr'>Martius</span> <span class='ocrx_word' id='word_1_447' title='bbox 1903 2772 1938 2829; x_wconf 92' lang='lat' dir='ltr'>et</span> <span class='ocrx_word' id='word_1_448' title='bbox 1958 2759 2132 2838; x_wconf 87' lang='lat' dir='ltr'>Lunaris:</span> 
     </span>
     <span class='ocr_line' id='line_1_72' title="bbox 1133 2853 2134 2949; baseline 0.006 -28"><span class='ocrx_word' id='word_1_449' title='bbox 1133 2853 1232 2923; x_wconf 83' lang='lat' dir='ltr'>iuxta</span> <span class='ocrx_word' id='word_1_450' title='bbox 1249 2877 1355 2949; x_wconf 92' lang='lat' dir='ltr'>quem</span> <span class='ocrx_word' id='word_1_451' title='bbox 1368 2853 1540 2948; x_wconf 88' lang='lat' dir='ltr'>utrinque</span> <span class='ocrx_word' id='word_1_452' title='bbox 1556 2853 1679 2947; x_wconf 92' lang='lat' dir='ltr'>positi,</span> <span class='ocrx_word' id='word_1_453' title='bbox 1703 2861 2008 2949; x_wconf 87' lang='lat' dir='ltr'>vocanturAsini,</span> <span class='ocrx_word' id='word_1_454' title='bbox 2034 2867 2134 2940; x_wconf 70' lang='lat' dir='ltr'>Mar.</span> 
     </span>
     <span class='ocr_line' id='line_1_73' title="bbox 1135 2956 1501 3028; baseline 0.011 -4"><span class='ocrx_word' id='word_1_455' title='bbox 1135 2956 1175 3025; x_wconf 94' lang='lat' dir='ltr'>tii</span> <span class='ocrx_word' id='word_1_456' title='bbox 1192 2970 1276 3028; x_wconf 89' lang='lat' dir='ltr'>sunt</span> <span class='ocrx_word' id='word_1_457' title='bbox 1296 2969 1332 3026; x_wconf 90' lang='lat' dir='ltr'>et</span> <span class='ocrx_word' id='word_1_458' title='bbox 1347 2956 1501 3028; x_wconf 91' lang='lat' dir='ltr'>Solares.</span> 
     </span>
    </p>

    <p class='ocr_par' dir='ltr' id='par_1_17' title="bbox 1133 3058 2137 3854">
     <span class='ocr_line' id='line_1_74' title="bbox 1219 3058 2134 3159; baseline 0.016 -30"><span class='ocrx_word' id='word_1_459' title='bbox 1219 3058 1278 3129; x_wconf 90' lang='lat' dir='ltr'>&#39;ln</span> <span class='ocrx_word' id='word_1_460' title='bbox 1300 3058 1434 3130; x_wconf 90' lang='lat' dir='ltr'>Leonis</span> <span class='ocrx_word' id='word_1_461' title='bbox 1458 3058 1573 3152; x_wconf 88' lang='lat' dir='ltr'>capite</span> <span class='ocrx_word' id='word_1_462' title='bbox 1597 3059 1689 3128; x_wconf 90' lang='lat' dir='ltr'>duae</span> <span class='ocrx_word' id='word_1_463' title='bbox 1713 3058 1929 3137; x_wconf 88' lang='lat' dir='ltr'>Saturninae</span> <span class='ocrx_word' id='word_1_464' title='bbox 1954 3085 2057 3159; x_wconf 90' lang='lat' dir='ltr'>sunt,</span> <span class='ocrx_word' id='word_1_465' title='bbox 2097 3087 2134 3144; x_wconf 93' lang='lat' dir='ltr'>et</span> 
     </span>
     <span class='ocr_line' id='line_1_75' title="bbox 1134 3157 2134 3244; baseline 0.012 -12"><span class='ocrx_word' id='word_1_466' title='bbox 1134 3157 1303 3232; x_wconf 90' lang='lat' dir='ltr'>nonnihil</span> <span class='ocrx_word' id='word_1_467' title='bbox 1320 3161 1485 3234; x_wconf 86' lang='lat' dir='ltr'>Martiae.</span> <span class='ocrx_word' id='word_1_468' title='bbox 1543 3158 1585 3230; x_wconf 93' lang='lat' dir='ltr'>ln</span> <span class='ocrx_word' id='word_1_469' title='bbox 1608 3162 1743 3232; x_wconf 85' lang='lat' dir='ltr'>cervice</span> <span class='ocrx_word' id='word_1_470' title='bbox 1766 3176 1838 3237; x_wconf 91' lang='lat' dir='ltr'>tres</span> <span class='ocrx_word' id='word_1_471' title='bbox 1858 3168 2056 3243; x_wconf 89' lang='lat' dir='ltr'>Saturnum</span> <span class='ocrx_word' id='word_1_472' title='bbox 2075 3197 2134 3244; x_wconf 89' lang='lat' dir='ltr'>re·</span> 
     </span>
     <span class='ocr_line' id='line_1_76' title="bbox 1134 3257 2135 3350; baseline 0.013 -15"><span class='ocrx_word' id='word_1_473' title='bbox 1134 3269 1271 3350; x_wconf 84' lang='lat' dir='ltr'>ferunt,</span> <span class='ocrx_word' id='word_1_474' title='bbox 1309 3278 1346 3335; x_wconf 92' lang='lat' dir='ltr'>et</span> <span class='ocrx_word' id='word_1_475' title='bbox 1371 3257 1539 3334; x_wconf 89' lang='lat' dir='ltr'>nonnihil</span> <span class='ocrx_word' id='word_1_476' title='bbox 1569 3265 1801 3338; x_wconf 88' lang='lat' dir='ltr'>Mercurium.</span> <span class='ocrx_word' id='word_1_477' title='bbox 1868 3271 1917 3342; x_wconf 80' lang='lat' dir='ltr'>At</span> <span class='ocrx_word' id='word_1_478' title='bbox 1947 3275 2065 3347; x_wconf 90' lang='lat' dir='ltr'>lucida</span> <span class='ocrx_word' id='word_1_479' title='bbox 2095 3277 2135 3349; x_wconf 88' lang='lat' dir='ltr'>iu</span> 
     </span>
     <span class='ocr_line' id='line_1_77' title="bbox 1135 3367 2137 3464; baseline 0.014 -25"><span class='ocrx_word' id='word_1_480' title='bbox 1135 3372 1263 3454; x_wconf 92' lang='lat' dir='ltr'>corde,</span> <span class='ocrx_word' id='word_1_481' title='bbox 1297 3393 1389 3464; x_wconf 90' lang='lat' dir='ltr'>quae</span> <span class='ocrx_word' id='word_1_482' title='bbox 1412 3381 1563 3438; x_wconf 83' lang='lat' dir='ltr'>vocatur</span> <span class='ocrx_word' id='word_1_483' title='bbox 1578 3367 1755 3459; x_wconf 86' lang='lat' dir='ltr'>Regulus,</span> <span class='ocrx_word' id='word_1_484' title='bbox 1781 3371 1936 3446; x_wconf 90' lang='lat' dir='ltr'>Martem</span> <span class='ocrx_word' id='word_1_485' title='bbox 1961 3392 1996 3450; x_wconf 92' lang='lat' dir='ltr'>et</span> <span class='ocrx_word' id='word_1_486' title='bbox 2010 3377 2137 3453; x_wconf 84' lang='lat' dir='ltr'>lovem</span> 
     </span>
     <span class='ocr_line' id='line_1_78' title="bbox 1134 3471 2134 3577; baseline 0 -35"><span class='ocrx_word' id='word_1_487' title='bbox 1134 3474 1255 3544; x_wconf 89' lang='lat' dir='ltr'>refert.</span> <span class='ocrx_word' id='word_1_488' title='bbox 1308 3472 1411 3565; x_wconf 87' lang='lat' dir='ltr'>Quae</span> <span class='ocrx_word' id='word_1_489' title='bbox 1424 3483 1509 3542; x_wconf 91' lang='lat' dir='ltr'>suut</span> <span class='ocrx_word' id='word_1_490' title='bbox 1522 3471 1562 3540; x_wconf 90' lang='lat' dir='ltr'>in</span> <span class='ocrx_word' id='word_1_491' title='bbox 1576 3471 1640 3540; x_wconf 94' lang='lat' dir='ltr'>ilio</span> <span class='ocrx_word' id='word_1_492' title='bbox 1655 3485 1690 3542; x_wconf 89' lang='lat' dir='ltr'>et</span> <span class='ocrx_word' id='word_1_493' title='bbox 1705 3497 1776 3543; x_wconf 91' lang='lat' dir='ltr'>uua</span> <span class='ocrx_word' id='word_1_494' title='bbox 1791 3475 1829 3544; x_wconf 92' lang='lat' dir='ltr'>in</span> <span class='ocrx_word' id='word_1_495' title='bbox 1846 3484 1957 3551; x_wconf 91' lang='lat' dir='ltr'>cauda</span> <span class='ocrx_word' id='word_1_496' title='bbox 1967 3481 1999 3577; x_wconf 79' lang='lat'>⁰)</span> <span class='ocrx_word' id='word_1_497' title='bbox 2016 3487 2134 3577; x_wconf 81' lang='lat' dir='ltr'>splen.</span> 
     </span>
     <span class='ocr_line' id='line_1_79' title="bbox 1135 3574 2134 3659; baseline 0.013 -13"><span class='ocrx_word' id='word_1_498' title='bbox 1135 3576 1240 3659; x_wconf 88' lang='lat' dir='ltr'>dida,</span> <span class='ocrx_word' id='word_1_499' title='bbox 1273 3574 1490 3646; x_wconf 87' lang='lat' dir='ltr'>Saturninae</span> <span class='ocrx_word' id='word_1_500' title='bbox 1520 3588 1604 3646; x_wconf 90' lang='lat' dir='ltr'>sunt</span> <span class='ocrx_word' id='word_1_501' title='bbox 1634 3585 1670 3644; x_wconf 88' lang='lat' dir='ltr'>et</span> <span class='ocrx_word' id='word_1_502' title='bbox 1693 3575 1888 3653; x_wconf 89' lang='lat' dir='ltr'>Venereae.</span> <span class='ocrx_word' id='word_1_503' title='bbox 1958 3585 2061 3658; x_wconf 82' lang='lat' dir='ltr'>Aliae</span> <span class='ocrx_word' id='word_1_504' title='bbox 2095 3589 2134 3659; x_wconf 89' lang='lat' dir='ltr'>in</span> 
     </span>
     <span class='ocr_line' id='line_1_80' title="bbox 1134 3676 2135 3762; baseline 0.012 -12"><span class='ocrx_word' id='word_1_505' title='bbox 1134 3679 1330 3752; x_wconf 86' lang='lat' dir='ltr'>femoribus</span> <span class='ocrx_word' id='word_1_506' title='bbox 1352 3679 1530 3750; x_wconf 87' lang='lat' dir='ltr'>Venerem</span> <span class='ocrx_word' id='word_1_507' title='bbox 1565 3691 1601 3748; x_wconf 91' lang='lat' dir='ltr'>et</span> <span class='ocrx_word' id='word_1_508' title='bbox 1629 3676 1796 3750; x_wconf 92' lang='lat' dir='ltr'>nonnihil</span> <span class='ocrx_word' id='word_1_509' title='bbox 1826 3683 2047 3760; x_wconf 90' lang='lat' dir='ltr'>Mercurium</span> <span class='ocrx_word' id='word_1_510' title='bbox 2078 3715 2135 3762; x_wconf 91' lang='lat' dir='ltr'>re-</span> 
     </span>
     <span class='ocr_line' id='line_1_81' title="bbox 1133 3785 1318 3854; baseline -0.011 0"><span class='ocrx_word' id='word_1_511' title='bbox 1133 3785 1266 3854; x_wconf 90' lang='lat' dir='ltr'>ferunt.</span> <span class='ocrx_word' id='word_1_512' title='bbox 1316 3785 1318 3790; x_wconf 84' lang='grc'><strong>’</strong></span> 
     </span>
    </p>

    <p class='ocr_par' dir='ltr' id='par_1_18' title="bbox 1135 3883 2151 4808">
     <span class='ocr_line' id='line_1_82' title="bbox 1236 3883 2134 3983; baseline 0.01 -28"><span class='ocrx_word' id='word_1_513' title='bbox 1236 3883 1366 3955; x_wconf 88' lang='lat' dir='ltr'>Stellae</span> <span class='ocrx_word' id='word_1_514' title='bbox 1384 3884 1422 3954; x_wconf 90' lang='lat' dir='ltr'>iu</span> <span class='ocrx_word' id='word_1_515' title='bbox 1436 3883 1596 3975; x_wconf 86' lang='lat' dir='ltr'>Virginis</span> <span class='ocrx_word' id='word_1_516' title='bbox 1611 3885 1747 3976; x_wconf 87' lang='lat' dir='ltr'>capite,</span> <span class='ocrx_word' id='word_1_517' title='bbox 1775 3901 1811 3956; x_wconf 89' lang='lat' dir='ltr'>et</span> <span class='ocrx_word' id='word_1_518' title='bbox 1824 3913 1895 3959; x_wconf 90' lang='lat' dir='ltr'>una</span> <span class='ocrx_word' id='word_1_519' title='bbox 1912 3917 2019 3983; x_wconf 90' lang='lat' dir='ltr'>supra</span> <span class='ocrx_word' id='word_1_520' title='bbox 2038 3895 2134 3965; x_wconf 86' lang='lat' dir='ltr'>alam</span> 
     </span>
     <span class='ocr_line' id='line_1_83' title="bbox 1135 3987 2135 4072; baseline 0.007 -12"><span class='ocrx_word' id='word_1_521' title='bbox 1135 3988 1348 4072; x_wconf 83' lang='lat' dir='ltr'>australem,</span> <span class='ocrx_word' id='word_1_522' title='bbox 1375 3989 1537 4061; x_wconf 84' lang='lat' dir='ltr'>referunt</span> <span class='ocrx_word' id='word_1_523' title='bbox 1557 3987 1777 4059; x_wconf 88' lang='lat' dir='ltr'>Mercurium</span> <span class='ocrx_word' id='word_1_524' title='bbox 1805 4003 1841 4060; x_wconf 90' lang='lat' dir='ltr'>et</span> <span class='ocrx_word' id='word_1_525' title='bbox 1854 3992 2021 4064; x_wconf 90' lang='lat' dir='ltr'>nonnihil</span> <span class='ocrx_word' id='word_1_526' title='bbox 2035 3997 2135 4068; x_wconf 93' lang='lat' dir='ltr'>Mar-</span> 
     </span>
     <span class='ocr_line' id='line_1_84' title="bbox 1135 4090 2134 4186; baseline 0.008 -23"><span class='ocrx_word' id='word_1_527' title='bbox 1135 4105 1219 4163; x_wconf 89' lang='lat' dir='ltr'>tem.</span> <span class='ocrx_word' id='word_1_528' title='bbox 1271 4090 1447 4186; x_wconf 87' lang='lat' dir='ltr'>Reliquae</span> <span class='ocrx_word' id='word_1_529' title='bbox 1464 4090 1501 4158; x_wconf 93' lang='lat' dir='ltr'>in</span> <span class='ocrx_word' id='word_1_530' title='bbox 1518 4090 1572 4158; x_wconf 87' lang='lat' dir='ltr'>ala</span> <span class='ocrx_word' id='word_1_531' title='bbox 1597 4101 1632 4158; x_wconf 92' lang='lat' dir='ltr'>et</span> <span class='ocrx_word' id='word_1_532' title='bbox 1651 4090 1690 4158; x_wconf 89' lang='lat' dir='ltr'>in</span> <span class='ocrx_word' id='word_1_533' title='bbox 1714 4093 1857 4185; x_wconf 87' lang='lat' dir='ltr'>cingulo</span> <span class='ocrx_word' id='word_1_534' title='bbox 1880 4096 2020 4169; x_wconf 86' lang='lat' dir='ltr'>lucidae</span> <span class='ocrx_word' id='word_1_535' title='bbox 2036 4101 2134 4171; x_wconf 75' lang='lat' dir='ltr'>Mer-</span> 
     </span>
     <span class='ocr_line' id='line_1_85' title="bbox 1136 4188 2135 4274; baseline 0.01 -9"><span class='ocrx_word' id='word_1_536' title='bbox 1136 4195 1275 4269; x_wconf 89' lang='lat' dir='ltr'>curium</span> <span class='ocrx_word' id='word_1_537' title='bbox 1300 4207 1336 4269; x_wconf 87' lang='lat' dir='ltr'>et</span> <span class='ocrx_word' id='word_1_538' title='bbox 1356 4188 1523 4264; x_wconf 92' lang='lat' dir='ltr'>nonnihil</span> <span class='ocrx_word' id='word_1_539' title='bbox 1547 4191 1724 4264; x_wconf 88' lang='lat' dir='ltr'>Venerem</span> <span class='ocrx_word' id='word_1_540' title='bbox 1756 4199 1929 4272; x_wconf 88' lang='lat' dir='ltr'>referunt.</span> <span class='ocrx_word' id='word_1_541' title='bbox 1996 4201 2135 4274; x_wconf 82' lang='lat' dir='ltr'>Lucida</span> 
     </span>
     <span class='ocr_line' id='line_1_86' title="bbox 1135 4295 2136 4393; baseline 0.01 -26"><span class='ocrx_word' id='word_1_542' title='bbox 1135 4321 1221 4368; x_wconf 83' lang='lat' dir='ltr'>vero</span> <span class='ocrx_word' id='word_1_543' title='bbox 1251 4297 1290 4366; x_wconf 92' lang='lat' dir='ltr'>in</span> <span class='ocrx_word' id='word_1_544' title='bbox 1326 4299 1383 4368; x_wconf 90' lang='lat' dir='ltr'>ala</span> <span class='ocrx_word' id='word_1_545' title='bbox 1413 4295 1571 4380; x_wconf 89' lang='lat' dir='ltr'>boreali,</span> <span class='ocrx_word' id='word_1_546' title='bbox 1605 4322 1698 4392; x_wconf 90' lang='lat' dir='ltr'>quae</span> <span class='ocrx_word' id='word_1_547' title='bbox 1720 4305 1871 4371; x_wconf 82' lang='lat' dir='ltr'>vocatur</span> <span class='ocrx_word' id='word_1_548' title='bbox 1891 4301 2136 4393; x_wconf 82' lang='lat' dir='ltr'>Vindemitor,</span> 
     </span>
     <span class='ocr_line' id='line_1_87' title="bbox 1135 4398 2135 4496; baseline 0.01 -26"><span class='ocrx_word' id='word_1_549' title='bbox 1135 4401 1332 4474; x_wconf 86' lang='lat' dir='ltr'>Saturnum</span> <span class='ocrx_word' id='word_1_550' title='bbox 1348 4414 1383 4471; x_wconf 90' lang='lat' dir='ltr'>et</span> <span class='ocrx_word' id='word_1_551' title='bbox 1397 4398 1617 4472; x_wconf 86' lang='lat' dir='ltr'>Mercurium</span> <span class='ocrx_word' id='word_1_552' title='bbox 1635 4404 1756 4474; x_wconf 82' lang='lat' dir='ltr'>refert.</span> <span class='ocrx_word' id='word_1_553' title='bbox 1809 4405 1912 4496; x_wconf 88' lang='lat' dir='ltr'>Spica</span> <span class='ocrx_word' id='word_1_554' title='bbox 1929 4423 2048 4481; x_wconf 88' lang='lat' dir='ltr'>antem</span> <span class='ocrx_word' id='word_1_555' title='bbox 2063 4410 2135 4480; x_wconf 78' lang='lat' dir='ltr'>Vc·</span> 
     </span>
     <span class='ocr_line' id='line_1_88' title="bbox 1135 4501 2136 4598; baseline 0.01 -24"><span class='ocrx_word' id='word_1_556' title='bbox 1135 4529 1246 4576; x_wconf 88' lang='lat' dir='ltr'>nerea</span> <span class='ocrx_word' id='word_1_557' title='bbox 1261 4519 1297 4574; x_wconf 91' lang='lat' dir='ltr'>et</span> <span class='ocrx_word' id='word_1_558' title='bbox 1311 4505 1574 4598; x_wconf 85' lang='lat' dir='ltr'>aliquantulum</span> <span class='ocrx_word' id='word_1_559' title='bbox 1586 4501 1717 4577; x_wconf 88' lang='lat' dir='ltr'>Martia</span> <span class='ocrx_word' id='word_1_560' title='bbox 1737 4520 1800 4577; x_wconf 87' lang='lat' dir='ltr'>est.</span> <span class='ocrx_word' id='word_1_561' title='bbox 1843 4508 1946 4579; x_wconf 85' lang='lat' dir='ltr'>Aliae</span> <span class='ocrx_word' id='word_1_562' title='bbox 1964 4513 2002 4581; x_wconf 94' lang='lat' dir='ltr'>in</span> <span class='ocrx_word' id='word_1_563' title='bbox 2020 4526 2136 4584; x_wconf 63' lang='lat' dir='ltr'>entred</span> 
     </span>
     <span class='ocr_line' id='line_1_89' title="bbox 1135 4607 2136 4700; baseline 0.012 -26"><span class='ocrx_word' id='word_1_564' title='bbox 1135 4607 1203 4690; x_wconf 82' lang='lat' dir='ltr'>mis</span> <span class='ocrx_word' id='word_1_565' title='bbox 1227 4608 1377 4700; x_wconf 88' lang='lat' dir='ltr'>pedibus</span> <span class='ocrx_word' id='word_1_566' title='bbox 1402 4620 1438 4677; x_wconf 89' lang='lat' dir='ltr'>et</span> <span class='ocrx_word' id='word_1_567' title='bbox 1458 4607 1599 4680; x_wconf 86' lang='lat' dir='ltr'>fimbria</span> <span class='ocrx_word' id='word_1_568' title='bbox 1629 4609 1759 4695; x_wconf 83' lang='lat' dir='ltr'>vestis,</span> <span class='ocrx_word' id='word_1_569' title='bbox 1801 4609 1986 4684; x_wconf 86' lang='lat' dir='ltr'>Venereae</span> <span class='ocrx_word' id='word_1_570' title='bbox 2009 4628 2046 4684; x_wconf 94' lang='lat' dir='ltr'>et</span> <span class='ocrx_word' id='word_1_571' title='bbox 2069 4617 2136 4685; x_wconf 76' lang='lat' dir='ltr'>att-</span> 
     </span>
     <span class='ocr_line' id='line_1_90' title="bbox 1137 4710 2151 4808; baseline -0.009 -24"><span class='ocrx_word' id='word_1_572' title='bbox 1137 4713 1350 4808; x_wconf 89' lang='lat' dir='ltr'>quautulum</span> <span class='ocrx_word' id='word_1_573' title='bbox 1366 4710 1520 4782; x_wconf 85' lang='lat' dir='ltr'>Martiae</span> <span class='ocrx_word' id='word_1_574' title='bbox 1534 4723 1631 4784; x_wconf 90' lang='lat' dir='ltr'>suut.</span> <span class='ocrx_word' id='word_1_575' title='bbox 2146 4798 2151 4804; x_wconf 20' lang='lat'>⁵</span> 
     </span>
    </p>

    <p class='ocr_par' dir='ltr' id='par_1_19' title="bbox 1135 4809 2169 5106">
     <span class='ocr_line' id='line_1_91' title="bbox 1237 4809 2137 4904; baseline 0.011 -20"><span class='ocrx_word' id='word_1_576' title='bbox 1237 4813 1280 4884; x_wconf 91' lang='lat' dir='ltr'>lu</span> <span class='ocrx_word' id='word_1_577' title='bbox 1295 4809 1423 4896; x_wconf 89' lang='lat' dir='ltr'>chelis,</span> <span class='ocrx_word' id='word_1_578' title='bbox 1449 4838 1512 4884; x_wconf 89' lang='lat' dir='ltr'>seu</span> <span class='ocrx_word' id='word_1_579' title='bbox 1537 4814 1642 4904; x_wconf 86' lang='lat' dir='ltr'>iugo,</span> <span class='ocrx_word' id='word_1_580' title='bbox 1677 4817 1822 4886; x_wconf 74' lang='lat' dir='ltr'>effeetus</span> <span class='ocrx_word' id='word_1_581' title='bbox 1843 4811 1978 4888; x_wconf 84' lang='lat' dir='ltr'>habent</span> <span class='ocrx_word' id='word_1_582' title='bbox 1999 4819 2137 4894; x_wconf 84' lang='lat' dir='ltr'>similes</span> 
     </span>
     <span class='ocr_line' id='line_1_92' title="bbox 1135 4915 2169 5020; baseline 0.01 -33"><span class='ocrx_word' id='word_1_583' title='bbox 1135 4915 1214 4991; x_wconf 89' lang='lat' dir='ltr'>lovi</span> <span class='ocrx_word' id='word_1_584' title='bbox 1229 4931 1266 4988; x_wconf 89' lang='lat' dir='ltr'>et</span> <span class='ocrx_word' id='word_1_585' title='bbox 1280 4915 1477 4991; x_wconf 89' lang='lat' dir='ltr'>Mercurio.</span> <span class='ocrx_word' id='word_1_586' title='bbox 1528 4917 1670 4988; x_wconf 85' lang='lat' dir='ltr'>Mediae</span> <span class='ocrx_word' id='word_1_587' title='bbox 1684 4918 1902 5000; x_wconf 82' lang='lat' dir='ltr'>Saturninae</span> <span class='ocrx_word' id='word_1_588' title='bbox 1916 4935 1956 4997; x_wconf 85' lang='lat' dir='ltr'>et</span> <span class='ocrx_word' id='word_1_589' title='bbox 1970 4923 2135 5020; x_wconf 85' lang='lat' dir='ltr'>aliquan·</span> <span class='ocrx_word' id='word_1_590' title='bbox 2167 4955 2169 4960; x_wconf 50' lang='lat'><strong>⁴</strong></span> 
     </span>
     <span class='ocr_line' id='line_1_93' title="bbox 1137 5020 2133 5106; baseline -0.009 -14"><span class='ocrx_word' id='word_1_591' title='bbox 1137 5022 1251 5094; x_wconf 90' lang='lat' dir='ltr'>tulum</span> <span class='ocrx_word' id='word_1_592' title='bbox 1268 5020 1423 5093; x_wconf 88' lang='lat' dir='ltr'>Martiae</span> <span class='ocrx_word' id='word_1_593' title='bbox 1437 5032 1533 5092; x_wconf 87' lang='lat' dir='ltr'>sunt.</span> <span class='ocrx_word' id='word_1_594' title='bbox 1676 5099 1680 5106; x_wconf 32' lang='grc' dir='ltr'>Ι</span> <span class='ocrx_word' id='word_1_595' title='bbox 2130 5072 2133 5083; x_wconf 97' lang='grc'>.</span> 
     </span>
    </p>

    <p class='ocr_par' dir='ltr' id='par_1_20' title="bbox 1237 5121 2136 5216">
     <span class='ocr_line' id='line_1_94' title="bbox 1237 5121 2136 5216; baseline 0.007 -22"><span class='ocrx_word' id='word_1_596' title='bbox 1237 5121 1280 5200; x_wconf 90' lang='lat' dir='ltr'>Iu</span> <span class='ocrx_word' id='word_1_597' title='bbox 1299 5123 1383 5215; x_wconf 47' lang='lat' dir='ltr'>ipso.</span> <span class='ocrx_word' id='word_1_598' title='bbox 1399 5123 1549 5216; x_wconf 84' lang='lat' dir='ltr'>Scorpio</span> <span class='ocrx_word' id='word_1_599' title='bbox 1571 5122 1710 5194; x_wconf 86' lang='lat' dir='ltr'>lucidae</span> <span class='ocrx_word' id='word_1_600' title='bbox 1734 5123 1771 5196; x_wconf 92' lang='lat' dir='ltr'>iu</span> <span class='ocrx_word' id='word_1_601' title='bbox 1797 5127 1917 5198; x_wconf 90' lang='lat' dir='ltr'>fronte</span> <span class='ocrx_word' id='word_1_602' title='bbox 1937 5141 2022 5201; x_wconf 88' lang='lat' dir='ltr'>suut</span> <span class='ocrx_word' id='word_1_603' title='bbox 2034 5129 2136 5200; x_wconf 67' lang='lat' dir='ltr'>Mam</span> 
     </span>
    </p>
   </div>
   <div class='ocr_carea' id='block_1_14' title="bbox 1064 5203 2136 5322">
    <p class='ocr_par' dir='ltr' id='par_1_21' title="bbox 1064 5203 2136 5322">
     <span class='ocr_line' id='line_1_95' title="bbox 1064 5203 2136 5322; baseline 0.007 -26"><span class='ocrx_word' id='word_1_604' title='bbox 1064 5203 1082 5264; x_wconf 36' lang='lat'>⁴⁵</span> <span class='ocrx_word' id='word_1_605' title='bbox 1137 5226 1208 5298; x_wconf 87' lang='lat' dir='ltr'>tiae</span> <span class='ocrx_word' id='word_1_606' title='bbox 1235 5242 1273 5300; x_wconf 90' lang='lat' dir='ltr'>et</span> <span class='ocrx_word' id='word_1_607' title='bbox 1291 5228 1553 5322; x_wconf 83' lang='lat' dir='ltr'>aliquantulum</span> <span class='ocrx_word' id='word_1_608' title='bbox 1575 5227 1804 5301; x_wconf 84' lang='lat' dir='ltr'>Saturninae.</span> <span class='ocrx_word' id='word_1_609' title='bbox 1868 5230 1965 5304; x_wconf 72' lang='lat' dir='ltr'>=Tres</span> <span class='ocrx_word' id='word_1_610' title='bbox 1986 5256 2074 5304; x_wconf 88' lang='lat' dir='ltr'>vero</span> <span class='ocrx_word' id='word_1_611' title='bbox 2096 5233 2136 5304; x_wconf 87' lang='lat' dir='ltr'>in</span> 
     </span>
    </p>
   </div>
   <div class='ocr_carea' id='block_1_15' title="bbox 1111 5350 2134 5531">
    <p class='ocr_par' dir='ltr' id='par_1_22' title="bbox 1111 5350 2134 5531">
     <span class='ocr_line' id='line_1_96' title="bbox 1171 5350 2134 5463; baseline 0.003 -17"><span class='ocrx_word' id='word_1_612' title='bbox 1171 5397 1204 5458; x_wconf 68' lang='lat' dir='ltr'>a)</span> <span class='ocrx_word' id='word_1_613' title='bbox 1220 5393 1368 5457; x_wconf 78' lang='lat' dir='ltr'>oamaJsto</span> <span class='ocrx_word' id='word_1_614' title='bbox 1385 5389 1547 5456; x_wconf 76' lang='lat' dir='ltr'>scripsimus</span> <span class='ocrx_word' id='word_1_615' title='bbox 1564 5408 1600 5444; x_wconf 85' lang='lat'>=</span> <span class='ocrx_word' id='word_1_616' title='bbox 1617 5393 1688 5446; x_wconf 86' lang='lat' dir='ltr'>Ptot.</span> <span class='ocrx_word' id='word_1_617' title='bbox 1707 5388 1753 5456; x_wconf 66' lang='grc' dir='ltr'>τῆς</span> <span class='ocrx_word' id='word_1_618' title='bbox 1771 5385 1872 5460; x_wconf 67' lang='lat' dir='ltr'>adoaia,</span> <span class='ocrx_word' id='word_1_619' title='bbox 1904 5393 1957 5450; x_wconf 75' lang='lat' dir='ltr'>Ed.</span> <span class='ocrx_word' id='word_1_620' title='bbox 1978 5394 2056 5450; x_wconf 68' lang='lat'>1558.</span> <span class='ocrx_word' id='word_1_621' title='bbox 2083 5350 2134 5463; x_wconf 44' lang='grc' dir='ltr'>ἐτ-Ξ</span> 
     </span>
     <span class='ocr_line' id='line_1_97' title="bbox 1111 5468 2131 5531; baseline -0.012 -9"><span class='ocrx_word' id='word_1_622' title='bbox 1111 5506 1116 5522; x_wconf 88' lang='grc'><strong>.</strong></span> <span class='ocrx_word' id='word_1_623' title='bbox 1205 5468 1419 5531; x_wconf 65' lang='lat' dir='ltr'>caramagna</span> <span class='ocrx_word' id='word_1_624' title='bbox 1446 5473 1541 5516; x_wconf 72' lang='lat' dir='ltr'>masc.</span> <span class='ocrx_word' id='word_1_625' title='bbox 1840 5501 1843 5510; x_wconf 95' lang='lat'>.</span> <span class='ocrx_word' id='word_1_626' title='bbox 1893 5476 1897 5484; x_wconf 92' lang='lat'>·</span> <span class='ocrx_word' id='word_1_627' title='bbox 1935 5477 1937 5481; x_wconf 92' lang='lat'>·</span> <span class='ocrx_word' id='word_1_628' title='bbox 2016 5499 2019 5509; x_wconf 95' lang='lat'>.</span> <span class='ocrx_word' id='word_1_629' title='bbox 2101 5482 2131 5509; x_wconf 82' lang='grc'>.-</span> 
     </span>
    </p>
   </div>
   <div class='ocr_carea' id='block_1_16' title="bbox 0 0 2360 5808">
    <p class='ocr_par' dir='ltr' id='par_1_23' title="bbox 0 0 2360 5808">
     <span class='ocr_line' id='line_1_98' title="bbox 0 0 2360 5808; baseline 0 0"><span class='ocrx_word' id='word_1_630' title='bbox 0 0 2360 5808; x_wconf 95' lang='lat' dir='ltr'> </span> 
     </span>
    </p>
   </div>
  </div>
 </body>
</html>
