4682 5814
78 268 137 356 „a
526 265 604 343 nv.
644 235 1047 342 nemausensis
1069 256 1297 342 asamath
1321 255 1573 346 suntme
1998 265 2076 359 aas

77 453 143 508 ratus
158 436 286 497 iores-ast
306 449 405 512 ιιιιι,
430 435 462 496 iu
481 453 532 498 me
561 439 705 500 beneficia
726 440 928 521 Reipublicae.
948 447 980 500 ct
1001 437 1222 501 Maecenatibus
1249 443 1324 502 meis
1350 439 1471 503 utilitati
1491 421 1721 524 iandiqrre'esse
1747 447 1963 529 intelligantur.
2011 455 2075 514 Va·
2190 477 2192 484 ⁴

75 533 123 590 leat
139 525 169 586 T.
182 521 214 582 h.
234 521 452 600 eamquelleus
472 523 653 606 reipublicae
671 526 789 606 suisque
811 527 861 586 diu
883 527 1185 587 ineolumemserret.
1227 525 1383 607 Basileus,
1404 524 1473 590 llll.
1487 529 1557 591 Kal.
1580 531 1733 610 Septemb.
1753 533 1839 595 hono
1853 537 1964 598 Salutis
1979 535 2075 602 1558.

246 661 303 728 Ad
321 663 501 730 condideras
521 665 711 760 beatorem,
734 669 916 760 xptosers
931 673 1132 758 praefatio,
1152 673 1312 738 editioris
1333 671 1434 738 huius
1454 677 1622 738 rationem
1643 673 1871 762 ιιιιιιιιιιιι*).

171 769 401 844 'Quadriennium
426 775 484 836 iam
510 775 578 837 iere
605 777 739 860 elapsum
767 791 814 842 est
841 783 879 842 ab
908 799 945 842 eo
967 791 1118 860 tompore,
1147 799 1207 858 quo
1226 779 1412 859 Philippeum
1431 777 1581 858 Euripidis
1612 778 1830 856 tragoediarum
1851 782 2073 844 translationem

74 859 180 921 hallece
198 857 237 916 ita
257 855 412 936 adornari,
440 873 472 920 ut
492 881 559 922 eum
580 863 696 944 aliqua,
728 867 897 946 etquidem
918 885 984 928 tneo
1005 866 1124 926 arbitrio
1144 882 1203 923 uon
1224 865 1404 943 poenitenda
1426 865 1553 924 utilitate
1575 862 1770 924 studiosorum
1790 865 1944 929 ederetur.
2008 869 2076 938 Qua

74 947 102 1006 da
117 959 146 1003 re
164 959 225 1001 cum
247 939 354 1001 dietum
376 943 413 1002 sit
434 953 582 1026 utcunque
603 951 675 1008 satis
695 966 732 1010 ea
752 952 895 1031 epistola,
917 971 978 1032 qua
999 967 1065 1010 eam
1086 950 1246 1012 editionem
1267 950 1444 1028 smphssimo
1465 950 1528 1008 uiro
1548 949 1588 1010 D.
1609 949 1712 1008 ioanni
1732 946 1884 1026 Baptistae
1898 935 2076 1031 Heiusellio,

74 1031 123 1090 Cos.
141 1029 300 1126 leguriano
321 1025 534 1092 dedicavimus:
561 1034 648 1112 plura
667 1033 716 1095 hic
736 1054 795 1096 nou
817 1036 933 1098 addam.
975 1035 1132 1097 Enimuero
1153 1053 1218 1094 cum
1241 1034 1443 1114 typographus
1465 1034 1620 1094 diuenditis
1642 1035 1859 1111 exemplaribus
1879 1055 1985 1097 noram
2008 1039 2076 1098 edi·

73 1115 158 1175 donem
176 1111 341 1188 mohretur,
370 1131 545 1194 mecumque
573 1119 727 1182 eadere
754 1121 997 1182 communicaretr
1027 1119 1145 1181 tametsi
1173 1137 1254 1180 eram
1285 1121 1365 1180 rarle
1392 1129 1566 1201 occupatus,
1592 1119 1682 1180 malui
1709 1129 1808 1180 tamen
1830 1118 1988 1182 hanutum
2008 1123 2073 1182 eiu·

74 1207 198 1274 tanatum,
223 1195 390 1277 bonumque
416 1200 567 1280 publicum
593 1205 683 1264 etiam
710 1223 777 1266 meo
806 1226 873 1266 cum
899 1206 1081 1266 incommodo
1107 1205 1323 1284 dispendioque
1349 1204 1504 1280 adiurare,
1532 1222 1620 1284 quam
1640 1202 1836 1283 suspicionem
1857 1206 1965 1284 proditi
1986 1207 2075 1266 oifieii

73 1283 101 1342 de
117 1299 158 1340 me
178 1281 317 1341 excitare.
366 1283 472 1364 ltaque
500 1305 637 1367 operam,
664 1308 752 1369 quam
773 1292 872 1370 potui,
897 1291 928 1353 in
950 1289 1006 1350 hoe
1028 1290 1115 1368 dedi,
1142 1299 1176 1348 ut
1203 1308 1263 1348 uon
1291 1291 1387 1350 denno
1415 1299 1530 1350 tantum
1558 1290 1637 1368 typis
1663 1288 1882 1351 describeretur
1902 1292 2076 1372 Philippeos

72 1366 214 1446 Euripides,
245 1365 301 1428 sed
321 1376 353 1426 et
373 1371 532 1431 cuneatior
552 1378 723 1453 auelletque
743 1376 774 1434 in
796 1377 894 1436 lacem
915 1375 1061 1456 prodiret.
1113 1373 1242 1436 Primam
1269 1376 1348 1434 enim
1374 1375 1491 1454 interea
1512 1374 1662 1436 Hecubam
1681 1373 1787 1434 Latine
1809 1391 1850 1436 ex
1871 1393 1924 1436 ore
1945 1378 1983 1436 D.
2004 1377 2076 1436 Phi-

74 1453 130 1530 lippi
146 1449 338 1512 Helanthonis
358 1467 513 1534 exceptam
533 1469 637 1519 nactus
655 1459 803 1540 Oporinos
823 1471 940 1537 noster,
962 1461 1032 1520 mihi
1055 1457 1147 1541 (quod
1168 1459 1199 1520 iu
1221 1460 1343 1540 reliquis
1363 1460 1475 1520 iactum
1497 1458 1613 1522 ostendi
1637 1457 1810 1542 tragoediis)
1830 1462 1967 1540 praebuit
1987 1463 2076 1522 casti-

74 1535 173 1616 gmdam
193 1547 224 1595 et
245 1538 487 1604 concinnandam.
540 1544 611 1603 Feci
630 1545 686 1620 hoe
706 1563 766 1605 non
785 1546 958 1622 illibenter,
976 1555 1008 1606 et
1030 1547 1081 1626 qui
1101 1553 1189 1622 aute,
1209 1555 1344 1625 opusne
1366 1553 1446 1604 esset
1467 1536 1647 1626 daipertus,
1666 1544 1815 1604 Hecubam
1837 1546 1877 1606 ds
1899 1565 1964 1607 meo
1985 1563 2077 1625 prae-

73 1638 216 1700 posueram,
243 1639 326 1682 nanc
345 1623 531 1712 Philippeum
551 1629 649 1707 rubis,
676 1647 744 1690 mea
764 1632 896 1709 sublata,
923 1630 1067 1708 exhibeo,
1099 1639 1132 1690 ut
1153 1627 1316 1710 (quantum
1336 1631 1399 1690 eius
1428 1627 1493 1690 lieri
1520 1628 1633 1711 potuit)
1654 1647 1713 1688 una
1732 1631 1825 1690 oratio
1846 1632 1972 1712 ubique,
1998 1649 2074 1690 unns

72 1707 99 1764 rit
113 1707 205 1782 stylus.
256 1705 335 1768 Nam
360 1727 457 1770 meam
479 1713 598 1790 quidem
626 1715 727 1795 perire
752 1715 842 1776 focile
862 1717 939 1778 iero.
988 1715 1172 1796 Iphigeniam
1194 1731 1313 1796 quoque
1334 1712 1509 1794 Tauricam,
1532 1715 1649 1790 ionem,
1677 1724 1708 1774 et
1728 1713 1890 1778 Herculem
1915 1716 2075 1792 iurantem,
2170 1747 2201 1778 η

72 1791 144 1890 priori
158 1791 289 1851 editione
309 1793 420 1854 incuria
440 1813 559 1878 eorum,
586 1800 690 1878 quibus
709 1799 855 1862 Basileam
875 1819 927 1862 eas
946 1799 1119 1880 perferendi
1145 1812 1247 1878 partes
1268 1799 1490 1876 mundaremur,
1516 1801 1715 1880 interceptas,
1741 1801 1782 1860 ita
1808 1811 1842 1859 ut
1869 1798 1989 1860 aliunde
2010 1821 2077 1861 cor·

72 1892 145 1973 rogan
163 1877 308 1956 tantisper
327 1879 499 1960 debuerint,
520 1885 651 1962 integras
670 1904 749 1946 nuuc
770 1887 889 1962 damus,
910 1887 1079 1966 optimaque
1098 1884 1159 1946 fide
1181 1904 1200 1945 a
1219 1886 1302 1946 nobie
1322 1885 1500 1947 emendatas.
1542 1887 1586 1945 Ae
1606 1901 1646 1944 ne
1667 1883 1746 1964 quod
1765 1885 1976 1965 Euripideum,
1997 1884 2077 1964 qaod

72 1960 163 2057 qudem
182 1962 219 2022 ad
240 1981 299 2022 nos
320 1965 467 2044 perlatum
490 1979 585 2047 esset,
607 1969 708 2030 drama
727 1971 778 2032 blo
799 1970 1034 2049 desideraretur,
1061 1971 1265 2032 Stiblinianam
1293 1971 1568 2050 interpretationem
1588 1971 1727 2032 Electrae
1753 1972 1786 2031 iu
1812 1971 1873 2032 linc
1901 1968 1970 2030 addi
1990 1990 2077 2032 eurs-

73 2063 151 2143 unuus.
192 2047 320 2147 ΙΟοιιιιιι
349 2051 428 2110 enim
447 2052 599 2114 Electram
624 2073 691 2119 earn
718 2072 785 2118 esse
805 2057 954 2136 Euripidis
982 2057 1157 2135 genuinam
1185 2067 1215 2116 et
1243 2058 1285 2116 ita
1312 2067 1445 2132 constet,
1472 2067 1504 2118 ut
1532 2057 1623 2116 mirer
1643 2072 1728 2127 esse,
1757 2056 1826 2135 qui,
1851 2056 1951 2116 neseio
1972 2055 2077 2134 quibus

72 2142 214 2228 peracturus
235 2133 370 2211 inducti,
399 2136 438 2196 de
459 2155 495 2198 eo
515 2141 653 2200 dubitare
673 2143 793 2218 malint,
822 2161 911 2222 quam
930 2144 981 2218 iis,
1009 2160 1085 2222 quae
1106 2141 1287 2202 doctissimus
1307 2141 1396 2202 home
1417 2142 1524 2202 Petrus
1546 2142 1709 2212 Victorius,
1737 2159 1803 2200 eum
1833 2159 1898 2200 earn
1925 2135 2078 2219 proierre't

72 2215 246 2299 ulurem**),
272 2219 430 2298 perhibuit,
451 2226 650 2304 acquiescere,
667 2229 842 2306 praesertim
862 2247 928 2288 cum
951 2237 982 2286 et
1003 2245 1079 2306 qnae
1101 2243 1140 2286 ex
1162 2245 1198 2286 ea
1218 2227 1249 2287 in
1269 2227 1422 2304 Lysandro
1442 2225 1684 2304 Pleuratum)
1705 2224 1812 2300 reiert,
1834 2226 1883 2285 hic
1903 2235 2024 2303 extent,
2046 2236 2077 2286 et

72 2299 98 2358 ιι
114 2303 220 2364 uerbum
241 2305 456 2402 superiactae,
486 2327 563 2388 quae
584 2331 643 2370 non
663 2314 706 2372 ita
726 2331 839 2392 ριιιι,
865 2325 897 2374 ut
917 2312 1070 2372 dubitandi
1090 2313 1187 2372 locum
1207 2313 1394 2391 relinquant,
1414 2307 1501 2395 λόγῳ
1522 2312 1576 2374 ιιι.
1595 2313 1665 2372 citat
1686 2308 1925 2388 Stobaeas**”).
1978 2306 2077 2370 Vitem

30 2426 31 2441 .
73 2404 162 2484 quoque
180 2387 337 2467 Euripidis
357 2409 375 2450 a
396 2410 445 2452 me
467 2395 535 2454 olim
557 2399 750 2476 conscriptam
772 2398 931 2477 diligenter
951 2395 1140 2475 amplificari,
1168 2394 1200 2457 id
1220 2398 1299 2476 quod
1320 2407 1436 2476 gratum
1457 2413 1523 2457 esse
1544 2396 1635 2457 debet
1655 2395 1894 2474 Phileuripideis.
1947 2395 2024 2466 Quin
2048 2403 2081 2454 et

71 2471 375 2571 nhremcomportari
397 2494 499 2540 earum
521 2482 757 2560 tragoediarum,
785 2502 858 2562 quas
879 2494 912 2544 ut
933 2484 971 2542 ab
990 2481 1134 2561 Euripide
1154 2483 1277 2562 scriptas
1295 2501 1314 2541 a
1332 2473 1509 2560 fide'digots
1529 2479 1677 2542 autoribus
1704 2482 1848 2540 nominari
1873 2481 2079 2540 memineram:

73 2573 119 2612 uu
136 2559 260 2635 quadem.
275 2562 395 2621 nomina
417 2575 547 2640 tantum,
576 2577 609 2625 et
635 2566 762 2626 irustnla
790 2586 891 2628 earum
919 2563 1017 2646 aliqua
1044 2569 1083 2628 ad
1104 2585 1158 2626 uos
1178 2577 1310 2628 uetustas
1332 2578 1364 2628 et
1383 2567 1496 2626 maaria
1517 2567 1679 2643 maiorum,
1707 2567 1891 2644 iniuriaeque
1909 2577 2079 2642 temporum

72 2644 272 2706 immiserint.
314 2647 352 2706 Ei
374 2650 507 2728 catalogo
529 2651 621 2712 addet
638 2653 715 2730 alia,
736 2653 785 2731 qui
806 2653 958 2725 inveniatp
979 2669 1034 2712 nos
1056 2653 1136 2712 enim
1155 2654 1251 2713 obiter
1273 2652 1361 2712 modo
1380 2651 1437 2712 boc
1458 2653 1581 2730 egimus.
1623 2651 1704 2712 Haec
1725 2649 1766 2732 (si
1787 2660 1869 2710 recte
1889 2645 2001 2728 iudico)
2023 2666 2079 2708 ne-

72 2744 113 2824 que
130 2732 344 2791 contemnenda
364 2742 410 2792 est
429 2735 530 2796 addita
551 2736 590 2796 ad
617 2738 800 2816 superiorem
828 2739 988 2800 editionem
1008 2739 1152 2798 accessio:
1182 2747 1214 2797 et
1240 2755 1327 2816 qnam
1355 2747 1438 2817 grato
1466 2739 1571 2817 utique
1597 2735 1693 2796 auimo
1716 2745 1748 2796 et
1768 2737 1879 2814 optima
1899 2747 2002 2794 mente
2023 2749 2081 2794 ex-
2131 2806 2136 2814 .

73 2827 153 2890 uprent
172 2816 209 2892 ii,
239 2836 320 2898 qnos
340 2836 393 2877 sua
413 2819 579 2898 ingenuitas
600 2821 688 2886 docet
712 2840 752 2882 ex
773 2824 878 2884 alienis
899 2823 1045 2884 laboribus
1065 2842 1118 2884 sua
1138 2840 1247 2902 capere
1268 2839 1325 2902 quo
1347 2823 1543 2886 deretrando
1565 2821 1726 2884 commoda.
1775 2820 1883 2899 Neque
1904 2819 1984 2880 enim
2005 2835 2080 2898 ope-

72 2902 247 2996 raepretium
276 2902 413 2962 existimo
434 2906 470 2964 iis
489 2907 674 2984 respondere
695 2908 853 2986 hocloco,
875 2909 927 2987 qui
947 2928 1001 2988 pro
1023 2909 1122 2987 pueris
1143 2919 1175 2969 et
1196 2908 1361 2968 rudioribus
1382 2908 1528 2967 institutas
1540 2906 1704 2966 huiusmodi
1717 2908 1889 2986 optimorum
1907 2905 2079 2984 scriptorum

72 2997 190 3044 teutones
217 2988 277 3046 rel
305 2998 512 3082 eoptemuuut,
538 2994 589 3050 rel
620 2993 812 3054 criminantur
840 2996 938 3054 etiam.
996 2995 1094 3053 Satius
1121 3011 1186 3054 esse
1212 3003 1301 3072 puto,
1328 2993 1384 3052 hoc
1411 2993 1441 3051 in
1463 3009 1576 3070 genere
1596 2993 1685 3051 iidem
1706 2992 1743 3051 iis
1771 2990 1929 3067 adhihere,
1956 2991 2006 3068 qui
2028 3007 2079 3048 suo

72 3063 240 3132 emolumento
266 3074 389 3152 experti
408 3085 570 3153 testantur,
597 3079 771 3156 praesertim
794 3078 855 3156 hia,
884 3079 935 3158 qui
955 3079 1022 3137 rire
1043 3077 1176 3138 ιοιιιιιιι
1195 3095 1267 3137 rooe
1289 3079 1506 3154 destituuntur,
1531 3076 1695 3136 huiuamodi
1716 3075 1845 3156 opellam
1867 3075 1989 3133 mirifice
2009 3093 2081 3152 pro·

72 3151 142 3213 deae.
187 3159 257 3218 Non
285 3176 380 3238 nego,
406 3163 498 3220 multo
525 3163 709 3239 splendidius
729 3175 820 3243 atque
840 3163 1002 3224 accuratius
1022 3163 1194 3242 Euripidem
1224 3165 1352 3241 potuisse
1381 3164 1411 3220 in
1432 3161 1570 3224 Latinum
1592 3177 1758 3220 sermonem
1781 3159 1965 3233 transscribi,
1993 3175 2080 3238 quam
2206 3223 2209 3234 .

70 3235 108 3296 lac
123 3252 215 3302 nostra
236 3245 390 3322 editione,
411 3245 545 3324 adeoque
566 3248 713 3323 omnium,
734 3267 805 3328 quas
826 3267 882 3328 ego
903 3247 1043 3324 uiderim,
1064 3249 1101 3307 ait
1121 3247 1242 3310 lactum.
1282 3247 1344 3307 Into
1369 3248 1457 3306 etiam
1479 3247 1598 3319 hortor,
1618 3246 1754 3324 adeoque
1775 3245 1904 3303 obtestor
1924 3260 1991 3318 eor,
2014 3243 2079 3321 qui-

71 3321 109 3380 bus
129 3325 178 3386 boc
203 3329 383 3392 eruditionis
410 3342 441 3391 et
471 3333 522 3392 otii
549 3334 735 3413 suppeditat,
761 3347 795 3394 ut
815 3333 989 3414 Euripidem
1016 3333 1057 3392 ita
1086 3334 1205 3394 ciuitate
1225 3334 1357 3394 Romana
1377 3331 1506 3410 donent,
1536 3347 1576 3390 aa
1603 3331 1675 3411 quid
1696 3331 1843 3391 Graecum
1865 3347 1953 3408 porro
1975 3331 2006 3386 in
2032 3345 2080 3404 eo,

71 3419 133 3468 extra
150 3417 297 3476 sermonis
318 3417 408 3476 uetiti
428 3418 688 3497 incomparabilem
708 3430 894 3481 venustatem
915 3428 1005 3497 atque
1026 3421 1228 3496 maiestatem,
1245 3418 1445 3479 desideretur.
1488 3417 1552 3476 Hoc
1574 3418 1625 3496 qui
1645 3417 1824 3496 praestabit,
1844 3415 1869 3472 is
1890 3431 2002 3472 summo
2025 3411 2078 3471 sibi

70 3511 145 3556 mer
163 3501 313 3561 bonarum
332 3501 497 3570 litterarum
516 3503 660 3564 studiosos
680 3503 840 3583 beneficio,
869 3505 996 3564 maxime
1017 3505 1145 3564 omnium
1166 3521 1234 3580 eos,
1263 3505 1314 3583 qui
1337 3503 1456 3562 Graece
1482 3519 1542 3560 non
1570 3501 1712 3578 audiunt,
1739 3499 1925 3577 devinxerit,
1953 3513 2079 3576 remque

67 3584 165 3655 perenni
192 3586 320 3666 dignam
347 3587 436 3657 laude
462 3600 551 3668 atqua
578 3591 672 3669 gloria
698 3587 870 3653 coniecerit.
919 3589 1030 3649 Verum
1058 3589 1139 3648 idem
1166 3589 1285 3648 interim
1305 3589 1343 3650 D.
1364 3586 1495 3666 Philippi
1524 3587 1675 3670 eonsilium
1699 3583 1758 3666 (ad
1780 3585 1859 3666 quod
1879 3602 1932 3642 nos
1952 3579 2081 3643 ratioires

68 3677 153 3726 nostras
172 3670 219 3730 hle
240 3673 467 3734 accommodare
488 3693 611 3735 neceme
633 3671 801 3758 habuimus)
819 3696 879 3736 uon
901 3675 1102 3752 damnaverit,
1134 3676 1184 3755 qui
1210 3673 1251 3734 ita
1279 3675 1470 3754 interpretari
1498 3672 1703 3750 dignatusest
1725 3671 1854 3730 diuinum
1881 3680 2020 3747 poetam,
2047 3677 2080 3725 ut

68 3749 161 3830 ldipsa
181 3775 309 3839 quoque
330 3761 467 3820 voeabula
494 3761 707 3821 consideranda
733 3775 822 3844 atque
839 3761 1048 3840 cognoscenda
1068 3762 1151 3840 quasi
1171 3777 1259 3820 manu
1289 3761 1429 3820 lectorem
1450 3760 1481 3816 ia
1502 3759 1638 3818 Graecae
1666 3757 1787 3836 liuguae
1808 3755 2020 3815 exercitatione
2041 3751 2080 3810 ti-

66 3839 179 3903 ntinium
198 3843 326 3924 aliquod
347 3843 548 3925 depositurum
570 3846 742 3908 deduceret.
785 3847 843 3915 Qui
864 3863 937 3906 reru
958 3847 1014 3905 iam
1036 3847 1152 3905 rudium
1173 3855 1279 3924 putant
1300 3846 1442 3904 rationem
1464 3860 1523 3901 non
1545 3859 1611 3903 esse
1632 3840 1813 3902 hahendam:
1840 3841 1875 3898 iis
1896 3836 2080 3916 cogitandum

70 3924 166 4004 nando,
185 3930 347 3990 uellentne
364 3947 400 3989 eo
423 3937 574 4012 tempore,
595 3951 652 4010 quo
674 3933 729 4014 ipsi
748 3931 858 3991 erudiri
879 3932 1006 4010 primum
1028 3942 1206 4010 coeperunt,
1229 3929 1357 3990 eundem
1378 3929 1429 4004 iis,
1448 3945 1505 4006 per
1519 3946 1592 4005 quos
1603 3927 1814 4006 proiecerunt,
1834 3923 1926 3982 inisse
1940 3924 2079 3982 anianum.

67 4003 94 4064 Ei
109 4029 169 4072 rero
189 4026 224 4076 ut
247 4033 331 4075 uuae
352 4025 421 4076 suut
442 4033 509 4091 res,
538 4026 571 4076 ut
591 4017 703 4095 studia,
733 4027 766 4076 ut
786 4017 942 4077 industrias
969 4015 1047 4077 haud
1074 4017 1153 4094 saio,
1173 4035 1211 4076 an
1233 4013 1340 4074 fideles
1359 4021 1570 4092 praeceptores
1598 4012 1647 4070 rel
1676 4011 1810 4090 inprimis
1830 4007 1887 4068 hoe
1909 4008 1967 4066 suis
1989 4023 2080 4086 agere

67 4087 168 4188 debeant
196 4101 469 4180 lucubrationibus,
501 4113 533 4162 ut
559 4103 720 4163 rudioribus
748 4113 799 4162 aut
825 4109 1050 4182 praeceptorum
1079 4119 1137 4180 ope
1165 4100 1312 4161 destitutis
1333 4113 1508 4178 quoeunque
1529 4097 1614 4157 modo
1635 4095 1674 4156 ad
1695 4095 1890 4155 eruditionem
1912 4091 2080 4172 adspirandi

66 4193 121 4238 '¹³1⁰
139 4187 335 4263 patefaciant.
378 4187 441 4246 Sed
462 4186 537 4248 haec
557 4188 606 4248 hie
626 4186 751 4267 satis†).

169 4289 246 4349 Huic
259 4289 461 4350 Melantbonis
483 4291 720 4369 interpretationi
733 4287 830 4347 xviii
845 4291 1010 4369 tragoedias
1020 4287 1169 4366 Euripidis
1182 4287 1341 4346 continenti
1353 4302 1410 4345 una
1424 4295 1536 4344 tautum
1552 4283 1731 4366 praecessit,
1751 4299 1828 4363 quae
1853 4280 1971 4340 easdem
1984 4236 2082 4337 xuni

65 4379 119 4449 lug.
132 4377 351 4455 complectitur,
372 4393 480 4456 nempe
492 4371 670 4455 Rudelplra'
682 4373 818 4451 Callisti,
839 4373 965 4436 Scholae
978 4374 1141 4455 Tiguriuae
1153 4369 1347 4450 Ριοιιιιοιιι,
1369 4373 1450 4432 euius
1464 4373 1574 4448 tersio,
1588 4370 1640 4432 sed
1656 4369 1720 4449 ipso
1735 4371 1838 4445 inscio,
1857 4368 1912 4426 sub
1927 4365 1994 4424 ficto
2007 4357 2081 4423 Da-

30 4453 32 4474 '
66 4453 151 4518 mlier·
164 4459 309 4524 Camilli
318 4463 438 4520 nomine
452 4463 579 4542 primum
585 4461 720 4538 Basileae
734 4457 832 4525 1541.
845 4459 876 4524 8.
896 4459 1016 4539 prodiit,
1030 4463 1197 4536 iterumque
1208 4455 1317 4518 ibidem
1332 4455 1428 4522 1558.
1443 4455 1478 4522 8.
1500 4455 1599 4518 addita
1612 4453 1694 4517 XIX.
1708 4455 1860 4535 tragoedia
1873 4452 1994 4511 Electra
2002 4443 2078 4528 -Ηῆ

87 4710 174 4781 ‘lale
188 4718 337 4785 xylsndri
353 4715 490 4783 praetacto
507 4716 626 4768 alterins
642 4713 772 4769 minoris
789 4729 817 4768 a.
835 4713 912 4768 ιιιιι.
932 4717 976 4765 ast
992 4707 1135 4778 lnsmlpta.
1171 4714 1249 4766 iisne
1266 4711 1466 4779 praelationem
1484 4713 1510 4766 iu
1526 4711 1546 4761 ι.
1564 4710 1700 4774 integram
1718 4707 1823 4759 ιιιιιιιι.

85 4815 129 4884 aa)
144 4825 224 4876 Anno
237 4821 330 4886 ¹545„
346 4821 411 4874 vide
428 4833 515 4886 snpra
529 4821 665 4886 pmaaq.
683 4817 868 4882 autam***).
881 4847 916 4862 -
932 4819 975 4870 ile
986 4813 1151 4874 sutanum
1166 4815 1307 4882 Euripidis
1322 4811 1554 4881 interpretatione
1572 4819 1658 4876 supra
1673 4807 1810 4872 pabisq
1828 4800 1935 4864 notat)
1952 4801 2080 4858 Erimus.

88 4917 149 4990 ”il
165 4926 238 4977 l’iut.
257 4925 319 4976 uita
334 4924 478 4990 hysanari
496 4938 519 4976 e.
535 4925 576 5006 ib.
1593 4927 1597 4933 ’
1942 4908 1944 4913 ’

87 5019 167 5093 usas)
185 5029 328 5081 stebecna
345 5029 375 5079 iu
395 5025 530 5093 florileg.
548 5029 637 5080 serm.
655 5025 698 5081 84.
716 5024 863 5091 antiquior.
881 5023 967 5078 Edltt.
988 5023 1091 5094 (sor-1.
1106 5023 1150 5074 8⁶.
1168 5023 1231 5086 sos.
1249 5022 1298 5074 Ed
1318 5015 1473 5083 euasura)
1492 5019 1581 5070 loonm
1598 5013 1729 5066 Electrae
1745 5007 1886 5094 Euripidis
1903 5007 1998 5060 ιῐιιι.
2116 5027 2125 5032 -
2179 4995 2183 5004 ’
2269 5097 2271 5109 .

88 5123 120 5193 i)
137 5131 185 5184 liis
201 5133 301 5187 verbis
317 5135 410 5186 unitur
428 5133 569 5200 xplsudrt
587 5133 616 5186 in
633 5135 752 5186 alteram
769 5131 917 5186 ιιιιιιιιιιιι
932 5129 1013 5186 huius
1028 5127 1097 5184 iibri
1112 5123 1261 5193 praetacto.

88 5225 143 5295 iii
165 5237 256 5287 Euius
276 5235 514 5308 interpretationis
533 5237 617 5289 editio
635 5239 782 5304 princeps,
807 5235 922 5302 quaein
939 5236 1008 5286 mels
1025 5233 1107 5286 libris
1124 5232 1187 5295 est,
1205 5227 1248 5279 sic
1265 5228 1309 5279 est
1326 5225 1477 5290 inscriptas
2022 5283 2029 5296 Ι
2049 5261 2053 5266 .

196 5307 355 5371 Errtptssr
377 5311 482 5376 poetae
504 5307 703 5373 umlqur'ssiml
727 5319 762 5358 ue
787 5306 1012 5370 sapleutirslmi,
1042 5303 1235 5370 isopleurum
1258 5293 1329 5350 uero
1354 5298 1404 5356 (ut
1426 5295 1513 5348 narn
1529 5291 1559 5343 ιι
1576 5287 1751 5343 Διιιιιιιιιι
1768 5286 1933 5345 testamur)
1952 5294 2080 5335 οιιιιιιιιι

248 5376 408 5444 mesple,
434 5379 575 5442 cuiusque
592 5372 722 5442 stapulas
746 5387 851 5427 ueram
868 5375 987 5441 stuprata
1005 5385 1036 5425 ιι
1052 5371 1220 5424 testimonia
1243 5367 1285 5418 E.
1304 5365 1406 5418 σιιιιο
1421 5365 1530 5430 patore
1548 5361 1609 5426 ιιι,
1636 5358 1817 5424 vaporatus
1834 5353 1952 5407 mli.
1974 5353 2079 5416 strupra-

249 5445 315 5496 lorl
330 5459 408 5499 nunc
423 5449 551 5512 primum
568 5447 723 5512 autpertus
741 5457 778 5496 ue
800 5441 857 5510 fids
882 5457 936 5512 per
952 5443 1130 5497 Eorotleurr
1149 5437 1303 5489 camillum
1320 5436 1349 5486 ιι
1367 5433 1458 5486 hotto
1476 5433 1619 5496 ιιοιιιιιι,
1643 5430 1674 5481 ιι
1689 5431 1722 5480 ιιι
1739 5429 1833 5478 laesus
1849 5424 1952 5476 ιιιιιιι.
1997 5421 2079 5482 ous-

249 5525 319 5568 rusa
333 5517 502 5583 rotulorum
518 5528 609 5570 uersa
629 5516 732 5570 statim
747 5515 864 5581 popello
881 5516 1018 5580 uermes.
1055 5507 1218 5564 Adiectum
1235 5515 1348 5572 ιιοιιι
1363 5505 1398 5557 ιιι
1415 5503 1525 5557 Postu
1540 5503 1621 5565 ιιιιι,
1641 5499 1670 5551 ιι
1690 5493 1836 5550 umbrosi
1852 5491 1971 5544 ratione
1988 5498 2078 5553 ιιιι-

397 5693 402 5730 1
464 5709 468 5716 .
