4700 5808
229 235 291 312 rs.
812 231 937 304 ruia.
968 217 1082 305 unc.
1106 205 1321 307 -sranma
1356 227 1694 304 mmozocacs.
2227 235 2281 306 as

113 421 116 429 '
229 407 503 507 aequinoctialis
520 405 642 476 circuli
658 405 826 496 gradibus
841 405 887 475 sit
906 405 1005 477 locus
1023 405 1147 477 stellae
1171 407 1228 474 vel
1280 403 1462 489 tudinem,
1497 417 1534 473 et
1559 404 1807 499 inaequalibus
1835 405 2056 496 temporibus
2083 407 2280 498 utrobique

231 519 366 606 ligneae
398 511 579 606 sequentis
612 509 651 577 in
685 507 823 599 genesi,
872 511 918 578 ad
942 511 1226 600 praecedentem.
1275 519 1476 578 transeunt.¹
1521 505 1732 601 Eodemque
1748 509 1858 576 modo
1872 508 1910 574 in
1926 531 2176 601 quemcunque
2191 531 2280 600 pao-

230 619 325 690 Nam
348 615 470 686 circuli
499 611 819 705 aequinoctionalis
844 624 1007 702 tempora
1029 613 1227 706 aequaliter
1276 621 1348 678 tem
1364 633 1382 677 a
1401 608 1606 682 cardinibus
1623 623 1839 702 prorogator
1853 609 1979 692 distet,
2012 622 2175 703 tempore
2198 635 2281 680 non

230 717 456 792 horizontem
475 729 510 784 et
527 714 764 784 meridianum
781 727 1014 804 percurrunt,
1042 729 1077 783 et
1100 715 1145 782 ab
1171 710 1226 784 his
1276 713 1418 805 aequali
1433 708 1521 780 haec
1539 708 1837 802 praetervehitur.
1900 711 2018 782 Unam
2044 725 2164 783 tamen
2189 737 2280 783 con-

231 821 431 915 aequaliter
444 819 537 888 sumi
551 830 702 909 possunt
716 817 972 906 elongationes.
1001 816 1225 886 Convenien·
1276 816 1462 884 stituemus
1486 814 1601 898 viam,
1635 841 1705 910 qna
1731 815 1804 883 sive
1834 826 1953 884 ortum
1989 818 2144 886 tenuerit
2176 817 2281 888 locus

231 935 418 995 iurantem
434 946 501 1012 pro
516 919 678 1014 quolibet
692 921 805 1008 gradu
819 941 1060 990 sumesunum
1074 943 1225 992 annum.
1275 920 1511 1009 praecedens,
1551 917 1625 986 sive
1655 942 1840 1000 occasum,
1876 917 1951 986 sive
1979 917 2071 986 coeli
2102 920 2280 1005 medium,

336 1025 492 1116 Quando
507 1023 616 1112 igitur
632 1023 670 1090 in
685 1022 763 1112 ipso
783 1021 931 1092 orientis
952 1023 1096 1092 cardine
1117 1024 1226 1091 luerit
1275 1020 1349 1088 sive
1366 1021 1473 1090 alium
1491 1043 1739 1114 quemcunque
1750 1016 1806 1090 his
1820 1019 2024 1091 cardinibus
2036 1021 2278 1107 interiectum,

231 1139 448 1220 prorogetur
463 1138 498 1196 et
511 1126 609 1194 locus
623 1125 856 1216 praecedens,
880 1125 1048 1194 convenit
1065 1127 1224 1216 accipere

233 1245 397 1321 tempora
421 1220 691 1322 aequinoctialis
712 1226 908 1296 coorientia
934 1251 1013 1297 cum
1039 1239 1115 1297 toto
1140 1251 1224 1296 arcu

231 1333 392 1428 zodiaci,
418 1332 480 1423 qni
493 1329 720 1421 prorogaturi
738 1342 774 1398 et
789 1329 1008 1398 interfectori
1024 1328 1224 1398 intercedit.

232 1435 307 1504 Tot
331 1433 426 1504 euim
452 1433 512 1503 obi
532 1432 783 1524 praeterierint
798 1445 962 1522 tempora
980 1432 1224 1526 aequinoctia-

149 1547 155 1556 '
231 1537 295 1619 lis,
327 1537 533 1604 interfector
558 1536 603 1603 ad
629 1535 747 1604 locum
771 1537 1036 1625 prorogatoris,
1070 1531 1224 1617 horest,

231 1640 277 1708 ad
293 1638 474 1707 cardinem
491 1636 639 1706 orientis
654 1637 830 1727 pervenit.
882 1637 1038 1730 Quando
1061 1637 1097 1704 in
1120 1637 1224 1705 meri-

231 1743 379 1812 dianum
411 1753 627 1832 prorogator
654 1739 842 1822 inciderit,
888 1765 931 1808 ex
959 1740 1224 1810 ascensionibus

159 1873 162 1880 ’
232 1839 405 1934 sphaerae
435 1855 552 1912 rectae
584 1844 738 1911 eruenda
761 1854 844 1911 sunt
868 1854 1029 1934 tempora
1052 1843 1224 1936 aequino-

232 1945 366 2027 ctialis,
406 1968 600 2036 quaecum
628 1943 759 2014 confini
780 1945 927 2013 Zodiaci
951 1969 1036 2014 arcu
1058 1945 1225 2014 meridia·

232 2071 320 2117 num
344 2043 679 2138 praetervehuntur.
746 2045 785 2114 si
813 2071 900 2116 vero
925 2049 1108 2118 cardinem
1133 2047 1224 2116 occi·

232 2153 343 2220 duum
361 2151 536 2233 tenuerit,
563 2173 603 2218 ea
620 2150 792 2220 sumenda
808 2161 969 2241 tempora
993 2163 1095 2232 stant,
1132 2173 1224 2243 quae

232 2277 314 2322 oum
340 2277 427 2321 arcu
450 2223 639 2323 distanliae
662 2252 909 2343 prorogatoris
930 2264 965 2322 et
989 2251 1225 2322 interfectoris

231 2367 465 2444 merguntur,
504 2351 573 2422 hoc
597 2365 668 2437 est,
709 2377 801 2446 quae
831 2369 912 2423 cum
943 2355 1110 2446 opposito
1145 2377 1225 2422 eve-

233 2453 380 2526 huntur.

333 2557 382 2626 At
398 2555 427 2626 si
443 2555 541 2626 locus
562 2557 778 2648 praecedens
796 2557 835 2626 in
857 2552 912 2628 his
936 2557 1049 2628 tribus
1071 2555 1225 2648 cardini-

231 2661 297 2744 bus
320 2683 396 2728 non
415 2658 591 2740 extiterit,
623 2660 683 2728 sed
708 2658 747 2726 in
768 2659 881 2749 spatia
910 2661 1027 2728 media
1048 2660 1226 2743 inciderit,

230 2784 306 2832 non
323 2773 486 2851 tempora
505 2759 778 2830 ascendentibus
793 2761 965 2843 arcubus,
999 2773 1062 2830 aut
1081 2763 1226 2832 descen-

230 2863 417 2946 dentibus,
450 2875 514 2930 aut
538 2862 627 2932 coeli
650 2861 791 2932 culmen
813 2861 1123 2954 praetereuntibus
1143 2885 1226 2944 con·

231 2965 415 3058 gruentia,
436 2977 643 3058 sequentem
659 2964 778 3034 locum
804 2966 850 3033 ad
872 2967 1142 3056 praecedentem
1166 2966 1227 3036 de-

231 3068 382 3150 ducent,
409 3069 469 3136 sed
487 3065 640 3138 diversa.
699 3066 834 3138 Similis
849 3067 943 3138 enim
964 3080 1000 3137 et
1015 3068 1110 3138 idem
1126 3069 1226 3138 locus

231 3183 302 3253 est,
328 3169 391 3263 qui
405 3167 557 3238 similem
582 3169 678 3239 etin
702 3169 828 3240 iisdem
849 3171 1011 3261 partibus
1030 3169 1138 3242 situm
1162 3167 1227 3240 ha·

230 3274 309 3354 bet,
343 3285 379 3342 et
400 3273 447 3340 ad
470 3267 694 3342 horizontem
721 3285 756 3342 et
777 3274 824 3341 ad
842 3273 1095 3344 meridianum.
1147 3271 1226 3342 Hoc

230 3398 317 3444 vero
331 3374 494 3464 proxime
515 3373 643 3444 accidit
658 3369 731 3457 his,
759 3375 823 3467 qui
837 3377 971 3444 cadunt
985 3375 1023 3442 in
1037 3400 1150 3444 unum
1163 3370 1226 3442 he-

232 3475 455 3568 micyclium,
481 3500 665 3567 exgenere
683 3501 828 3560 eorum,
863 3501 954 3570 quae
977 3499 1043 3567 per
1067 3501 1227 3548 commu·

232 3603 296 3649 ues
316 3571 513 3648 horizontis
539 3591 575 3648 et
600 3578 791 3647 meridiani
823 3579 997 3650 sectiones
1028 3580 1225 3648 ducuntur:

1276 1145 1446 1192 numerus
1471 1135 1673 1212 temporum
1706 1121 1997 1214 aequinoctialis,
2038 1123 2101 1216 qui
2129 1147 2278 1216 praece-

1276 1225 1419 1294 dentem
1448 1226 1566 1293 locum
1598 1227 1643 1294 ad
1669 1237 1876 1318 sequentem
1908 1225 2079 1308 deducat,
2118 1251 2278 1320 propor-

1276 1327 1375 1396 tione
1392 1327 1518 1396 confici
1533 1321 1656 1418 possit.
1707 1329 1898 1419 Assumpta
1918 1327 2012 1396 enim
2025 1328 2174 1398 Zodiaci
2190 1353 2277 1421 par·

1276 1442 1331 1512 te,
1359 1431 1503 1524 quaein
1519 1429 1638 1498 medio
1656 1430 1748 1500 coeli
1764 1441 1835 1512 est,
1863 1431 2015 1523 locoque
2037 1435 2275 1523 praecedente

1276 1545 1311 1602 et
1327 1545 1514 1626 sequente:
1542 1531 1698 1622 primum
1716 1531 2039 1617 considerabimus,
2066 1547 2156 1626 quot
2172 1531 2276 1606 horis

1276 1634 1524 1728 inaequalibus
1541 1634 1669 1705 absita
1692 1634 1892 1705 meridiano
1916 1635 2015 1705 locus
2043 1641 2275 1726 praecedens.

1276 1737 1349 1806 Has
1372 1738 1598 1828 colligemus,
1628 1736 1658 1806 si
1680 1739 1859 1827 partium,
1896 1761 1989 1830 quae
2018 1737 2098 1808 loco
2127 1763 2275 1830 praeee-

1276 1841 1376 1908 denti
1393 1853 1427 1908 et
1441 1837 1561 1908 medio
1578 1837 1668 1906 coeli
1682 1864 1789 1931 supra
1806 1839 1863 1908 vel
1885 1839 1977 1908 infra
2000 1852 2134 1910 terram
2160 1843 2274 1912 inter-

1276 1943 1427 2024 cedunt,
1454 1941 1676 2012 ascensiones
1687 1957 1802 2014 rectas
1818 1965 2000 2024 eruemus,
2022 1955 2057 2011 et
2071 1939 2136 2014 has
2150 1945 2276 2016 distri·

1275 2045 1426 2114 buemus
1446 2044 1483 2112 in
1507 2055 1670 2134 tempora
1692 2044 1996 2138 Aequinoctialis,
2036 2069 2129 2138 quae
2156 2071 2275 2118 unam

1277 2142 1405 2216 horam
1423 2147 1645 2238 inaequalem
1664 2147 1871 2230 metiuntur,
1887 2159 1922 2216 et
1936 2147 2156 2218 constituunt
2170 2151 2276 2220 diur-

1276 2273 1383 2332 nam,
1421 2249 1452 2318 si
1478 2271 1585 2339 supra
1618 2259 1750 2317 terram
1779 2249 1887 2319 luerit
1908 2249 2008 2322 locus
2034 2255 2276 2342 praecedens;

1277 2363 1510 2433 nocturnam,
1551 2349 1580 2420 si
1611 2349 1702 2419 inira
1736 2348 1884 2428 horaria
1918 2363 2082 2444 tempora
2111 2379 2154 2424 ex
2185 2381 2277 2426 arcu

1276 2452 1346 2522 loci
1366 2451 1610 2543 praecedentis
1625 2477 1891 2544 cognoscemus.
1944 2453 2083 2523 Deinde
2098 2459 2276 2549 quoniam

1277 2555 1444 2646 Signiferi
1462 2578 1583 2637 arcus,
1610 2555 1673 2650 qui
1687 2556 1813 2626 iisdem
1828 2558 2076 2648 inaequalibus
2096 2555 2195 2630 horis
2220 2562 2279 2630 di-

1277 2669 1374 2728 stant
1389 2681 1409 2724 a
1424 2657 1646 2741 meridiano,
1679 2661 1745 2728 sub
1765 2685 1839 2730 uno
1864 2663 2062 2756 eodemque
2086 2663 2280 2732 continen-

1278 2771 1337 2828 tur
1366 2759 1634 2850 praedictorum
1664 2760 1899 2845 circulorum,
1937 2763 2089 2832 scrutari
2117 2777 2280 2856 oportet,

1278 2872 1369 2955 quot
1382 2861 1614 2955 requirantur
1629 2873 1791 2955 tempora
1799 2863 2093 2958 Aequinoctialis,
2115 2868 2159 2936 de
2174 2891 2281 2953 arcu,

1279 2963 1342 3058 qui
1356 2965 1514 3034 succedit
1528 2962 1750 3052 meridiano,
1784 2980 1824 3038 ut
1841 2979 1897 3038 tot
1911 2967 2146 3039 conficiantur
2160 2965 2279 3042 horae

1278 3065 1505 3162 inaequales,
1537 3077 1627 3162 quot
1638 3061 1740 3138 boris
1755 3071 1972 3159 praecedens
1989 3071 2089 3142 locus
2104 3073 2280 3142 meridie-

1278 3193 1364 3240 num
1382 3169 1575 3248 antecedit;
1603 3179 1815 3265 tantumque
1833 3173 1880 3243 sit
1893 3173 2120 3245 intervallum
2135 3175 2207 3245 loci
2220 3199 2281 3246 se-

1279 3271 1420 3367 quentis
1436 3295 1456 3340 a
1474 3270 1695 3354 meridiano,
1721 3287 1897 3366 quantm
1914 3279 2171 3367 praecedentis.
2209 3279 2280 3352 His

1279 3369 1566 3465 comprehensis,
1590 3372 1882 3465 investigabimus
1898 3403 2021 3450 rursus
2036 3403 2079 3448 ex
2098 3381 2282 3452 ascensio-

1279 3476 1385 3546 nibus
1411 3473 1585 3568 sphaerae
1615 3489 1750 3564 rectae,
1791 3494 1881 3574 quot
1901 3481 2124 3574 temporibus
2139 3482 2281 3578 Aequi-

1278 3578 1445 3649 noctialis
1470 3604 1555 3671 pars
1585 3599 1738 3670 sequens
1766 3586 1960 3653 secundum
1993 3609 2117 3654 verum
2143 3599 2178 3655 et
2199 3587 2282 3677 pri-

230 3704 323 3776 qnae
338 3675 545 3773 hemicyclia
566 3681 707 3774 aequali
728 3677 822 3750 inter
838 3706 875 3750 se
892 3681 1083 3766 distantia,
1114 3675 1226 3750 horae
1279 3681 1523 3765 mumsitum,
1549 3680 1734 3750 abeodem
1752 3685 1950 3756 meridiano
1973 3686 2098 3770 distet,
2130 3700 2165 3756 et
2185 3703 2284 3782 quot

159 3852 167 3867 ,
229 3782 401 3853 nimirum
420 3783 577 3877 aequalis
595 3782 909 3874 spatiodissident.
960 3781 1140 3874 Perpetuo
1165 3808 1226 3853 au·
1279 3779 1367 3853 haec
1382 3779 1491 3856 horas
1512 3782 1718 3875 inaequales
1733 3787 1914 3876 prioribus
1929 3785 2029 3860 horis
2044 3791 2156 3881 partis
2170 3815 2282 3883 prae·

230 3897 303 3956 tem
328 3887 374 3955 ad
397 3885 541 3956 illorum
570 3881 865 3979 hemicycliormn
891 3885 1153 3981 quodcunque,
1192 3897 1227 3957 et
1279 3885 1435 3957 cedentis
1464 3887 1632 3980 aequales
1660 3889 1891 3962 constituant.
1957 3891 2121 3961 Tandem
2153 3893 2281 3964 multi-

164 4061 167 4074 ,
228 3984 454 4059 horizontem
488 3991 534 4060 ad
560 3988 813 4060 meridianum.
879 3990 1066 4086 Aequator
1099 3987 1226 4058 eodeni
1278 3988 1490 4082 plicabimus
1520 3985 1584 4060 has
1616 3986 1710 4081 ipsas
1742 3987 1852 4064 horas
1878 4015 2023 4087 quoque
2058 3996 2096 4064 in
2127 3991 2279 4066 horaria

230 4095 341 4159 modo
358 4091 569 4176 inclinatur,
596 4093 744 4185 perinde
766 4117 807 4160 ac
828 4089 858 4162 si
880 4092 972 4161 circa
997 4091 1077 4162 illas
1100 4091 1226 4163 sectio·
1278 4104 1441 4184 tempora
1464 4091 1576 4183 partis
1596 4095 1796 4184 sequentis,
1823 4093 2030 4188 (assumptis
2053 4093 2153 4170 horis
2176 4098 2282 4168 diur-

230 4215 293 4262 nes
317 4193 660 4288 convertereturffl).
726 4195 871 4262 Zodiaci
896 4206 1017 4284 partes
1040 4207 1163 4262 contra
1192 4205 1227 4262 et
1278 4195 1353 4280 nis,
1379 4197 1525 4290 quando
1543 4197 1581 4263 lit
1597 4194 1740 4264 collatio
1757 4198 1802 4266 ad
1820 4197 1977 4268 medium
1995 4199 2102 4280 cocli;
2129 4213 2281 4271 noctur-

229 4306 373 4364 mntant
392 4319 493 4364 sciam
518 4295 564 4362 ad
588 4296 827 4391 quodcunque
850 4291 1099 4388 hemicyclium
1125 4291 1226 4366 habi·
1277 4299 1353 4382 nis,
1395 4301 1541 4390 quando
1566 4299 1611 4366 ad
1638 4297 1748 4368 imum
1777 4300 1884 4396 coeli)
1909 4301 2110 4371 differentia
2135 4316 2282 4395 tempo-

1277 4425 1358 4470 rum
1380 4399 1566 4492 utriusque
1592 4399 1781 4474 distantiae
1804 4405 1967 4474 ostendet
1989 4406 2186 4499 quaesitam
2210 4429 2281 4476 an-

263 4509 315 4568 ti)
333 4505 471 4584 Perpetuo
494 4503 585 4558 auum
607 4501 644 4554 etl
668 4500 778 4552 illorum
796 4525 830 4536 -
848 4502 1085 4582 convertentem
1111 4501 1151 4550 aie
1175 4503 1225 4552 uc
1277 4523 1407 4574 norum
1426 4502 1705 4574 multitudinem,

196 4611 199 4618 ,
301 4575 377 4628 tans.
405 4575 455 4624 tho
473 4572 550 4622 iocus
574 4572 721 4633 corruptos
747 4581 809 4620 esse
832 4569 1039 4620 ministretur.
1075 4569 1226 4620 Ptolemaei

298 4647 384 4696 verba
400 4645 467 4692 baec
485 4643 566 4690 sunt:
592 4633 662 4695 aiens
699 4632 736 4687 dr
752 4652 785 4688 ns
806 4631 915 4703 seipsam
932 4633 996 4703 aspi
1014 4629 1063 4694 uie
1080 4635 1105 4686 et
1124 4634 1226 4702 patrue

297 4709 404 4780 septis,
428 4707 538 4776 ἔρχεται
554 4702 609 4776 μὲν
629 4651 680 4758 inl
695 4701 746 4769 τὴν
801 4703 850 4770 τὴν
867 4707 964 4772 θέσιν,
987 4702 1036 4756 aul
1050 4705 1088 4776 sq)
1105 4653 1226 4772 Spicum
1482 4756 1486 4764 ,
1669 4675 1884 4766 &militine

299 4777 347 4832 sul
364 4780 403 4848 aqi
423 4776 615 4850 μεσημβρινῷ.
650 4777 758 4840 aegidii
783 4776 926 4830 reiaidint
950 4775 1045 4828 versio
1069 4775 1225 4829 n.1.nsee
1615 4806 1624 4824 .
1651 4807 1660 4826 .
1905 4811 1913 4828 .
2004 4811 2012 4828 .
2116 4813 2124 4828 .

234 4849 238 4857 '
298 4847 396 4900 nabet:
432 4851 546 4911 „ossan
570 4849 662 4899 autem
685 4843 729 4895 nio
754 4845 944 4896 semicirculus
962 4845 1116 4907 praelatum
1134 4843 1225 4895 locum
1379 4809 1448 4891 Ul,
1474 4809 1571 4900 qnod
1588 4807 1754 4891 dfflfflffis
1779 4811 2069 4894 flfllffldfflllffls
2095 4823 2279 4884 suffim-

299 4927 467 4968 manasen
485 4915 742 4978 eum-rannus.
772 4915 828 4965 *τί*
852 4915 912 4965 0¹⁰⁸
936 4913 1038 4976 posue
1062 4914 1225 4976 quaesoque
1275 4910 1326 5003 pli
1342 4935 1447 4981 causa
1462 4911 1562 4980 locus
1579 4913 1792 5002 praecedens
1808 4913 2191 5007 principiumArietis,
2218 4939 2279 4987 se-

300 4986 372 5034 sicut
398 4985 498 5046 positio
525 4983 717 5050 hemispherii,
749 4984 910 5047 questaque
930 4995 998 5034 vcro
1022 4983 1094 5032 sicut
1120 4981 1222 5045 positio
1465 5013 1473 5028 ·
1524 5013 1533 5028 ·
1563 5013 1571 5029 ·
1760 5012 1769 5029 ·
2032 5017 2042 5034 .
2131 5019 2141 5034 .

301 5051 397 5102 circuit
416 5051 495 5102 medii
514 5049 596 5104 diei.”
632 5057 748 5118 Gogava
760 5055 830 5104 nuuc
841 5053 931 5103 locun
943 5053 985 5101 sio
998 5051 1099 5100 vertit:
1118 5063 1222 5115 ‚,cum-
1275 5037 1389 5108 quens
1418 5035 1635 5106 principium
1664 5015 1922 5101 Gemmfflffls
1964 5041 2088 5109 108¹),
2129 5040 2168 5087 ¹¹¹
2197 5042 2276 5113 {11¹²

302 5117 781 5200 quaestuosissimumque..
799 5121 954 5184 antona,
978 5121 1007 5170 ¹1¹
1025 5120 1141 5211 paren
1161 5119 1223 5182 qut·
1273 5115 1349 5186 dios
1361 5115 1538 5186 maximus
1554 5129 1607 5186 esi
1623 5113 1796 5188 horarum
1815 5119 2100 5213 quatuordecim.
2154 5119 2277 5192 llore-

300 5192 360 5239 dem
379 5187 461 5236 sitan
480 5188 574 5237 incidat
592 5203 652 5240 cun
670 5191 781 5241 triitore
805 5193 835 5241 et
858 5191 1017 5241 meridiano.
1086 5189 1222 5238 Fortasse
1295 5219 1303 5235 .

299 5259 341 5308 iiic
359 5257 597 5320 interpretationis
616 5259 679 5308 ittet.
698 5260 774 5309 iocus
797 5261 837 5308 sic
862 5264 906 5309 est
930 5257 1092 5308 manardus:
1116 5257 1222 5318 Perpe·
1273 5243 1327 5288 ¹⁸¹³
1360 5243 1445 5312 “8⁰
1481 5219 1692 5310 massnll⁰d⁰
1732 5221 1901 5315 ΡΓῙΜῘΡῙῙ
1934 5223 2171 5297 Geffllml'llffl
2216 5239 2274 5298 0⁸2

252 5374 254 5383 .
299 5335 345 5381 tao
377 5328 470 5378 autera
494 5325 605 5376 litorum
629 5327 855 5390 sententiarum
881 5327 1062 5392 quodcunque
1085 5327 1122 5378 od
1144 5327 1221 5376 tuori-
1272 5323 1511 5415 septendecim
1529 5325 1725 5413 graduum,
1752 5337 1833 5397 0210
1845 5327 2109 5420 ,cp-„pumma
2160 5325 2274 5398 0213„

297 5401 408 5445 zontcn
435 5397 462 5442 et
483 5393 520 5442 ed
546 5395 724 5443 meridianum
748 5397 900 5460 aequaliter
923 5398 1019 5448 eodem
1038 5395 1118 5445 modo
1136 5395 1249 5465 iacit-1
1529 5429 1538 5442 .
1618 5426 1627 5443 .
1658 5426 1696 5442 .·
1832 5427 1840 5444 .
1881 5428 1889 5443 .
2091 5431 2099 5448 .

297 5465 397 5526 nator,
424 5459 538 5525 perinte
555 5471 589 5511 ao
603 5463 628 5511 st
646 5461 720 5512 siros
739 5463 802 5512 titas
819 5465 959 5516 sectiones
977 5467 1195 5516 converteretur.
1273 5439 1331 5497 ¹¹¹¹
1349 5439 1469 5516 ‘uilem
1483 5451 1601 5518 ΡΜ.)
1616 5439 1759 5497 ²¹¹¹l¹¹¹ffl
1777 5429 1929 5512 ᾸῑΊθῑΙθ,
1955 5443 1997 5500 til
2011 5431 2101 5502 ⁰⁰⁶l¹
2124 5431 2272 5502 ffllmffl

235 4437 442 4456 W
