4570 5802
250 261 321 332 ru
834 243 1704 342 euin.uu1,.sou1rraeunoroo1m.
2193 253 2251 325 ue

298 431 373 521 lpd.
401 425 533 511 „Falsa
550 420 689 494 somnia
711 419 844 500 valete;
871 417 962 492 nihil
976 409 1190 496 enim'estis:

251 536 326 610 570
353 529 455 616 ,,Νεε
473 526 589 619 genii,
616 523 679 618 qui
693 535 868 594 vocantur
882 528 1079 619 sapientes,

303 634 453 722 „Minus
465 644 549 700 sunt
563 627 750 696 mendaces
766 628 925 700 somniis.

303 737 465 825 „Magna
480 731 641 827 coniusio
658 741 710 799 est
727 729 764 796 in
782 731 888 801 rebus
904 731 1035 804 divinis
1702 731 1889 813 mitatum,

303 839 382 926 „Et
395 833 579 913 humanisi
605 830 675 902 lroc
689 855 800 901 unum
817 835 995 928 reliquum
1015 847 1086 918 est,
1296 837 1371 910 600
1396 835 1464 909 Iste
1479 860 1550 908 una
1568 837 1714 926 navigat
1728 844 1878 927 propter
1892 853 2010 900 meam
2034 827 2269 930 eptamiuuu

301 943 408 1038 Quod
424 964 499 1008 non
516 937 643 1010 stultus
660 936 810 1005 existens
824 937 928 1020 iilius,
952 942 1012 1011 scd
1029 950 1148 1007 vatum
1167 957 1245 1005 ver·
1346 941 1428 1012 Non
1446 941 1576 1011 iustum
1596 951 1648 1010 est
1661 961 1718 1006 me
1733 961 1812 1006 cum
1826 929 1933 1006 huius
1947 957 2033 1003 nece

659 1039 712 1108 bis
728 1061 916 1128 persuasus
1346 1043 1431 1112 Tibi
1455 1056 1636 1134 praestare
1657 1039 1835 1121 officinm,
1869 1052 1903 1108 et
1926 1060 1983 1106 me
2008 1036 2120 1128 ipsum
2143 1033 2256 1125 eripere

249 1146 327 1230 Ι575
353 1143 486 1224 Periit,
512 1143 540 1213 si
557 1141 681 1214 saltem
699 1140 805 1230 periit
821 1141 891 1212 ille.
1310 1217 1317 1228 .
1706 1167 1747 1212 ex
1764 1139 1879 1212 malis.

306 1255 405 1326 Ultor.
432 1245 511 1315 Heu
528 1241 616 1326 heu,
644 1243 729 1336 qnid
747 1266 813 1312 nos
829 1258 864 1314 et
879 1244 993 1314 nostri
1009 1257 1194 1336 parentes,
1347 1249 1415 1317 Sed
1431 1249 1480 1318 sic
1497 1249 1575 1318 fiat:
1602 1242 1686 1314 huic
1701 1247 1801 1314 trade
1819 1244 1972 1329 litteram

304 1355 430 1438 „Num
461 1359 563 1430 sunt,
602 1369 648 1415 an
679 1369 754 1415 nou
785 1346 892 1416 sunt?
940 1347 1020 1441 quis
1052 1359 1163 1441 queat
1193 1344 1246 1414 di·
1348 1351 1440 1422 Nam
1455 1353 1501 1421 ad
1515 1354 1631 1441 Argos
1646 1347 1780 1431 mittet,
1806 1359 1847 1428 ut
1860 1357 1938 1415 tuas
1956 1367 2013 1414 ree
2029 1355 2141 1418 curet;

663 1471 741 1518 cere
752 1447 824 1546 2'⁵)?
1298 1449 1373 1524 605
1408 1451 1482 1526 Nos
1514 1465 1659 1536 autem,
1706 1451 1910 1546 quicunque
1943 1445 2048 1527 vult,
2087 1439 2256 1512 interficiat.

302 1559 376 1646 ipio.
403 1553 554 1638 Audite,
580 1551 772 1646 siquidem
797 1551 960 1622 venimus
983 1550 1022 1618 in
1046 1545 1114 1620 hoc
1139 1548 1245 1618 collo·
1704 1551 1882 1637 „Amicos

665 1654 810 1747 quium,
1350 1659 1553 1752 „Quisquis
1569 1657 1609 1727 in
1626 1655 1863 1726 calamitatem
1878 1648 2043 1744 proiicit,
2268 1643 2269 1720 l

307 1762 354 1832 Et
369 1759 531 1828 venimus
549 1757 593 1824 ed
610 1757 803 1848 quiddam,
837 1755 934 1849 quod
959 1755 1028 1825 erit
1052 1755 1153 1826 vobis
1171 1754 1246 1824 uti·
1350 1761 1426 1846 „Et
1448 1762 1523 1854 ipse
1548 1760 1719 1844 elabitur,
1760 1754 1989 1849 turpissimus
2012 1763 2074 1822 est.
2135 1745 2194 1816 Hic
2220 1757 2269 1824 cst,

600 1858 688 1942 lius,
715 1871 749 1926 et
766 1859 862 1952 quod
880 1856 1058 1950 accipietis
1074 1858 1247 1938 studiose,
1710 1856 1800 1931 mihi
1822 1859 1969 1928 amicus.

258 1967 334 2042 580
360 1963 406 2034 Et
421 1963 519 2058 quod
534 1963 579 2030 ad
594 1985 651 2030 mc
666 1961 810 2044 attinet,
836 1973 930 2031 recte
947 1963 1025 2048 fiet,
1351 1966 1497 2059 „Quem
1515 1991 1591 2036 nou
1606 1967 1725 2036 miuus
1739 1965 1822 2032 volo
1840 1963 1962 2030 vivere
1978 1980 2087 2052 quum
2105 1950 2214 2045 mem).

310 2070 347 2140 Si
360 2066 463 2137 nobis
478 2064 650 2158 placuerit
664 2087 720 2134 res
737 2063 915 2134 omnibus·
1349 2072 1424 2160 lpl.
1451 2068 1485 2137 Ο
1504 2071 1724 2138 voluntatem
1740 2065 1934 2158 egregiam:
1962 2075 2003 2132 ut
2017 2085 2059 2130 ex
2073 2075 2221 2149 generosa
2268 2085 2269 2164 q

309 2173 394 2254 Vis,
418 2169 448 2240 Si
462 2182 495 2238 20
510 2191 720 2251 semiim,
746 2167 893 2237 numius
908 2162 999 2236 mihi
1015 2189 1106 2249 ⁸⁸⁵0,
1302 2173 1377 2244 610
1403 2172 1536 2242 Radice
1551 2185 1650 2242 ortus
1666 2195 1715 2254 es,
1729 2170 1792 2264 qui
1807 2181 1859 2238 est
1874 2180 1993 2237 rectus
2006 2163 2136 2232 amiects
2150 2155 2269 2248 amicis}

306 2275 362 2344 Ad
379 2277 494 2364 Argos
508 2269 674 2352 veniens,
700 2271 787 2340 meis
814 2269 955 2353 amicis,
1352 2276 1451 2348 Talis
1469 2276 1514 2346 sit
1531 2299 1628 2346 meus
1647 2277 1777 2356 frater,
2268 2267 2269 2298 ³

309 2378 356 2448 Et
370 2376 438 2445 illis
457 2376 549 2444 serre
565 2374 713 2455 litteras,
741 2397 829 2468 quas
845 2373 990 2467 quidem
1006 2395 1062 2440 me
1079 2368 1250 2440 miserans
1341 2377 1425 2472 Qui
1442 2380 1583 2450 relictus
1598 2390 1666 2458 esq3
1692 2399 1775 2446 nam
1791 2396 1908 2468 neque
1925 2395 1991 2462 ego

199 2528 202 2536 ι
258 2477 335 2554 585
366 2478 537 2570 Captivos
552 2476 710 2568 scripsit,
737 2500 853 2545 rneanr
873 2501 947 2544 non

1343 431 1403 500 Or.
1429 425 1539 496 Recte
1555 417 1674 495 dixisti
1692 432 1852 506 caetera,
1876 431 2018 512 praeter
2030 415 2097 490 hoc
2112 445 2225 504 unum;

1342 532 1434 602 Nam
1453 529 1552 598 illum
1568 524 1719 596 interfici
1732 521 1826 596 esset
1840 519 1930 593 milri
1944 547 2061 615 grave.

1342 632 1418 725 ligo
1444 632 1539 702 enim
1563 655 1641 702 sum
1667 630 1886 720 guberuator
1909 626 2010 697 naris
2034 622 2154 696 harum
2182 629 2256 695 uria.

1354 2483 1437 2552 Sine
1462 2482 1571 2551 fratre
1603 2505 1701 2563 sum,
1750 2478 1821 2548 nisi
1848 2477 2063 2571 quodcum
2093 2489 2178 2536 nunc
2202 2482 2255 2529 nou

310 2581 524 2652 Existinrans
548 2603 695 2648 manum
719 2603 792 2650 esse
813 2576 1097 2647 homicidialem:
1131 2589 1250 2646 tamen
1714 2581 1832 2652 video,

671 2682 747 2770 ¹⁰80
1354 2688 1550 2782 Postquam
1568 2711 1653 2756 vero
1669 2681 1739 2755 hoc
1755 2685 1827 2768 vis,
1853 2679 1950 2750 hunc
1967 2677 2181 2786 mutamus&
2238 2764 2243 2776 .

312 2785 615 2865 Estiuterfectus,
640 2781 715 2850 Dea
733 2779 1015 2852 indicantelraec
1032 2803 1105 2850 esse
1121 2777 1237 2849 iusta?
1305 2787 1380 2862 615
1406 2790 1479 2884 Qui
1495 2790 1650 2882 perferat
1668 2790 1823 2870 litteras,
1849 2795 1940 2853 epm
1956 2777 2135 2850 mosim&
2158 2797 2183 2842 ῃ
2201 2789 2256 2858 qui-

311 2887 501 2960 Neminem
520 2885 615 2953 euim
634 2880 763 2970 habui,
792 2885 853 2979 qui
869 2898 1029 2956 servatus
1044 2883 1216 2975 perferret

314 2991 413 3060 Meas
429 2988 567 3058 litteras
582 2988 698 3078 Argos

264 3093 340 3168 590
364 3093 421 3164 Ad
436 3115 535 3162 meos
552 3090 697 3162 amicos.
1007 3153 1012 3166 ,
1308 3118 1510 3134 ..ma-..-

313 3199 371 3269 Tu
386 3209 504 3266 autem
523 3191 576 3286 (cs
594 3193 708 3275 enim,
734 3205 774 3260 ut
795 3192 955 3274 videtur,
990 3187 1078 3260 milii
1103 3214 1177 3261 non
1202 3195 1255 3261 in-

673 3297 801 3376 fetide,
1339 3330 1346 3348 ·
1411 3319 1447 3368 ut
1464 3315 1530 3367 utin
1545 3317 1597 3367 troc
1613 3317 1782 3368 comodum
1800 3317 1829 3368 in
1849 3316 1948 3380 primis
1966 3317 2009 3367 eie
2026 3315 2118 3376 fleret,

316 3402 364 3472 Et
377 3401 547 3492 Mycenas
562 3387 716 3479 novisti,
744 3409 778 3464 et
796 3420 886 3489 quos
903 3421 967 3486 ego
983 3398 1084 3490 volo)
1412 3385 1442 3438 ⁸¹
1460 3385 1585 3436 ⁰³¹¹¹¹l¹¹⁸
1601 3387 1654 3436 ¹¹⁰⁰
1670 3388 1811 3451 ”tedium
1829 3387 1948 3450 placeat.

496 3501 504 3515 .
685 3500 693 3516 .
723 3500 732 3514 .
1118 3499 1127 3515 .
1410 3453 1508 3518 Velie,
1527 3453 1553 3504 ei
1570 3465 1713 3505 servarem
1730 3456 1774 3521 te,
1798 3455 1923 3505 nuntium
1941 3453 2006 3504 mitit
2023 3453 2156 3530 perterre,

319 3503 543 3583 Servaberrs,
570 3514 605 3569 et
622 3523 771 3590 accipies
786 3501 983 3567 mercedem
1002 3523 1076 3568 non
1092 3499 1199 3568 uilem
1411 3525 1505 3588 argos
1523 3523 1679 3587 protectus,
1698 3523 1784 3588 nete,
1801 3536 1871 3587 quoe
1885 3525 1946 3574 titio
1964 3524 2066 3586 ieiee,
2085 3511 2188 3572 emeat

318 3607 474 3697 Propter
489 3604 583 3672 leves
599 3602 752 3684 litteras,
779 3601 888 3670 vitam
908 3601 1079 3673 videlicet.
1412 3585 1882 3712 {grpl’jptiffivl’ff‘ffgzatm
1897 3593 2036 3713 ptr-:2¹:2²¹
2050 3591 2170 3642 ffl¹⁵⁰¹i¹¹³
2183 3579 2225 3634 ¹¹⁶¹
2268 3659 2269 3668 ,

270 3707 346 3782 595
372 3707 438 3780 lste
454 3729 560 3788 vcro,
586 3705 616 3775 si
631 3705 774 3800 quidem
794 3703 917 3773 civitas
933 3699 1001 3772 hoc
1019 3705 1132 3796 cogit,
1477 3675 1491 3722 Ρ
1582 3677 1596 3723 ⁹
1677 3695 1687 3726 ’
1748 3675 1763 3724 ‘¹
1801 3676 1816 3725 q

319 3813 417 3884 Deae
431 3811 494 3880 fiat
510 3805 625 3878 liostia
641 3809 817 3878 seiunctus
835 3833 852 3872 a
871 3806 971 3900 tew).

1720 2891 1801 2960 dem
1816 2901 1890 2958 tam
1912 2906 2044 2976 magne

1413 3729 1629 3782 interfectricem
1646 3730 1809 3782 existimem
1825 3741 1951 3798 menum,
1969 3730 1999 3780 in
2015 3731 2065 3782 heo
2081 3719 2243 3780 consuetudine

1414 3801 1502 3864 Mori,
1520 3799 1579 3850 Dea
1597 3799 1753 3851 lieentum
1771 3793 1971 3851 existimante?

1415 3869 1554 3920 Neminem
1573 3869 1644 3919 enlm
1663 3869 1761 3933 hebui,
1786 3869 1832 3932 qui
1849 3869 2046 3934 annuntiaret,
2067 3866 2193 3930 proiectu

1416 3941 1458 3989 Ad
1475 3941 1569 4004 Argos
1587 3940 1681 4002 retro,
1704 3949 1779 3988 neec
1795 3937 1927 4000 epistotae

271 4021 477 4036 ----·
1416 4007 1561 4060 Perterret
1579 4009 1709 4057 servatus
1728 4017 1848 4058 meorum
1866 4009 2018 4058 amicorum
2035 4007 2157 4070 cuiquem.

1417 4079 1457 4129 ’ru
1474 4087 1543 4127 vero
1562 4089 1610 4140 ee,
1634 4079 1664 4124 ut
1682 4075 1802 4140 viderie,
1825 4087 1998 4140 nequequam
2014 4077 2158 4139 improbes,

1417 4148 1454 4197 nt
1470 4148 1604 4208 Myoeees
1623 4144 1741 4208 nevisti,
1759 4148 1787 4194 et
1805 4155 1869 4208 eos,
1888 4157 1959 4208 quoe
1977 4157 2028 4210 ego
2047 4143 2128 4207 cupio.

1418 4215 1464 4266 tiis
1482 4215 1596 4277 sulvus,
1623 4216 1650 4262 et
1667 4217 1695 4263 tu
1714 4212 1867 4264 mercedem
1886 4227 1942 4264 uon
1961 4218 2067 4278 turpem
2086 4209 2205 4272 recipiens

1418 4285 1509 4334 neves
1528 4286 1641 4345 propter
1658 4281 1786 4346 litteras,
1812 4285 1940 4336 sulutem.

1418 4354 1475 4405 lete
1493 4361 1576 4416 vero,
1600 4350 1727 4414 quonism
1744 4353 1812 4402 neec
1829 4353 1929 4403 civitae
1947 4355 2035 4418 cogit,

1419 4421 1495 4472 Deae
1513 4419 1561 4469 liet
1577 4419 1704 4482 victime,
1723 4425 1871 4482 separatus
1889 4431 1908 4470 e
1925 4424 1962 4476 te.

376 4161 424 4214 or.
443 4159 558 4221 Propter
577 4161 677 4209 meieni
696 4163 835 4210 mulierem
856 4163 946 4224 gretie
965 4163 1074 4228 ingrata
1092 4163 1179 4227 periit.

376 4229 439 4292 [ple.
456 4227 558 4276 Mortui
576 4241 643 4279 vero
661 4235 705 4278 eet
722 4231 793 4280 iliius
811 4233 895 4293 Argis
914 4227 1021 4292 perusi

378 4302 428 4350 tir.
446 4297 498 4345 liet
518 4296 632 4361 infelix,
657 4302 686 4348 et
703 4311 853 4362 nusquam,
872 4305 899 4348 et
918 4302 1024 4364 cibique.

310 4431 358 4496 re)
380 4431 440 4496 ipa.
458 4429 545 4480 reru
557 4431 695 4482 -ueeu
713 4435 770 4493 (vs.
782 4432 970 4500 ese-sn.)]
989 4416 1031 4484 sui
1042 4438 1090 4486 re.
1106 4439 1197 4502 iesu,
1217 4441 1264 4494 ne.

348 4501 742 4634 mliihfiidridlir'somuu,
759 4573 870 4639 valete,
887 4573 954 4622 nihii
972 4575 1042 4623 estis
1063 4576 1162 4638 utique.

1351 4575 1400 4636 27)
1417 4573 1467 4627 or.
1483 4571 1570 4621 Beote
1584 4593 1620 4608 -
1637 4581 1717 4634 quem
1741 4583 1784 4622 me
1807 4576 1865 4632 (vs.
1881 4569 2070 4636 5974080]
2087 4567 2124 4621 etc
2139 4561 2181 4616 tid
2198 4553 2258 4610 rua:

380 4639 500 4706 „Neque
519 4637 722 4700 quisepiemes
744 4641 785 4690 nii
805 4645 954 4706 vocantur,

1386 4643 1436 4695 lte.
1455 4641 1548 4691 tm:

382 4707 577 4773 „volucribus
593 4711 708 4758 somniis
726 4715 798 4760 suut.
809 4713 952 4761 certiores.

383 4777 513 4840 „Magno
530 4779 701 4838 perturbatio
719 4779 745 4827 iu
765 4782 848 4829 retius
867 4779 967 4829 divinis
987 4784 1044 4847 est,

384 4846 501 4910 „Atque
519 4845 547 4894 iu
564 4847 703 4910 nonenim
727 4859 810 4898 uuum
827 4851 957 4910 superest
977 4851 1081 4909 sotum,
1151 4899 1160 4915 Ι

387 4914 466 4974 Quod
476 4913 548 4963 aliae
559 4927 614 4964 uon
624 4915 784 4983 imprudens
796 4918 938 4984 existens,
954 4921 1062 4970 vetitius
1076 4921 1154 4970 iidem
1168 4925 1269 4972 iiuiiens

385 4981 486 5047 Periit,
504 4985 633 5046 tunquam
652 4985 755 5047 periret
774 4987 940 5036 videntibus.

388 5049 473 5102 Utor.
492 5050 599 5118 rapae,
616 5063 721 5119 papae,
748 5055 811 5116 quid
830 5069 879 5105 noe
897 5059 924 5104 et
943 5057 1031 5106 nostri
1049 5059 1204 5124 genitores,

337 5113 342 5128 ⁹
388 5120 483 5181 „Num
502 5113 588 5171 eunti
610 5133 646 5170 on
664 5135 718 5172 nou
736 5117 821 5176 sarrit?
846 5125 906 5186 quis
924 5125 1015 5176 dicere
1033 5121 1137 5191 queat?
1153 5138 1156 5144 ’

321 5251 368 5318 26)
388 5253 449 5318 ipit.
468 5255 568 5305 Audite
585 5283 621 5294 —
637 5270 654 5307 e
671 5265 707 5308 te.
727 5260 780 5324 (ve.
794 5263 981 5323 ὑῆς-Μὰ]
1000 5264 1038 5312 eic
1059 5266 1207 5324 0015004
1226 5266 1276 5315 lid.

359 5323 450 5372 iffi:

393 5391 455 5452 ipit.
473 5389 589 5452 Audite,
615 5392 642 5440 in
661 5396 825 5456 colloquium
845 5401 914 5448 enirn
936 5401 1072 5458 venimus.

395 5457 728 5522 invenientium
748 5467 887 5530 hospites,
908 5471 986 5516 vaide
1005 5471 1141 5526 cuidiose,

1423 4713 1472 4765 or.
1490 4709 1565 4758 tiene
1583 4706 1675 4756 dixisti
1692 4710 1819 4774 caetere,
1844 4709 1900 4759 nisi
1918 4721 2018 4776 unum,
2037 4719 2052 4758 o
2069 4705 2174 4766 respice.

1422 4779 1531 4830 Etenim
1550 4780 1671 4826 mactare
1689 4779 1758 4827 iuno
1776 4779 1855 4840 mitri,
1877 4779 2005 4829 molestie
2027 4785 2128 4839 magua.

1425 4849 1477 4910 Qui
1496 4846 1569 4897 enlm
1587 4847 1652 4894 nevi
1670 4846 1757 4907 duco,
1776 4848 1823 4896 ilie
1840 4859 1902 4896 eum
1919 4859 1988 4911 ego,
2006 4843 2175 4898 cuicuinus.
2236 4846 2255 4876 ὑ

1423 4919 1480 4968 lete
1497 4927 1565 4966 vero
1585 4925 1641 4964 une
1657 4915 1772 4978 inrigat
1788 4920 1901 4978 propter
1919 4927 1996 4966 meos
2012 4917 2127 4966 iabores.

1424 4988 1486 5038 Non
1501 4985 1586 5049 igitur
1605 4983 1724 5046 iustum,
1747 4987 1861 5046 propter
1878 4985 2024 5048 pernicicm
2041 4983 2116 5032 huius
2133 4988 2176 5051 me!

1427 5053 1550 5106 (tretium
1567 5053 1732 5118 aestimare,
1757 5055 1784 5102 et
1801 5065 1844 5102 me
1861 5054 1949 5114 ipsum
1968 5045 2195 5114 emergeremus·

1425 5124 1481 5174 sed
1499 5127 1529 5171 ut
1546 5133 1593 5172 ree
1610 5121 1750 5172 commode
1768 5123 1832 5184 tat,
1850 5122 1912 5172 truie
1929 5123 2035 5186 quidem
2054 5115 2180 5182 epistolem
2195 5105 2231 5160 dai

1426 5193 1518 5242 veliet
1535 5191 1606 5240 enirn
1623 5195 1733 5256 Argos,
1750 5193 1780 5239 ut
1797 5191 1846 5241 titii
1865 5191 1932 5240 bene
1949 5192 2059 5240 hebeat.

1427 5261 1486 5312 Noe
1502 5270 1588 5316 vero,
1607 5259 1652 5322 qui
1668 5259 1751 5322 vetit,
1769 5259 1931 5316 interficiat,
1961 5261 2048 5326 „lice
2060 5253 2189 5305 aulicorun

1430 5363 1448 5395 „
1458 5329 1656 5390 turpissimum
1675 5331 1717 5376 eet
1734 5328 1886 5390 quicunqne
1903 5327 2049 5378 coniecerit
2063 5327 2091 5374 in
2106 5321 2181 5377 mete,

1368 5433 1371 5444 .
1429 5399 1518 5466 „ipqe
1535 5397 1630 5446 eutius
1648 5397 1696 5449 eit.
1732 5395 1833 5446 Exietit
1850 5409 1918 5450 cero
1934 5399 1977 5445 irio
1995 5397 2106 5452 auimo,

1431 5469 1543 5532 „Quem
1562 5465 1627 5514 ninii
1646 5467 1734 5514 minus
1754 5477 1833 5527 cluam
1852 5479 1896 5516 me
1914 5468 2001 5516 iucem
2021 5466 2109 5514 videre
2123 5452 2195 5516 euim·
