4700 5808
134 179 294 298 ¹'tr

220 409 325 462 'eum
343 389 467 482 signo,
494 392 620 486 inquo
642 390 710 462 fuit
732 393 907 476 defectos,
939 393 1171 484 copulentur,
1204 407 1239 464 et

244 494 276 565 si
292 495 447 564 defectus
463 495 531 564 illis
547 493 751 584 regionibus
773 520 880 588 supra
897 507 1029 564 terrram
1047 495 1239 566 extiterint.

526 685 580 754 De
604 691 748 771 tempore
772 691 956 752 eventuum.

349 818 509 888 Secunda
543 817 706 886 doctrina
736 820 780 887 de
812 831 974 908 tempore
1011 817 1239 907 significatio·

244 946 331 990 num
348 933 383 988 et
397 919 605 1002 duratione,
632 921 713 990 talis
728 934 790 991 est.
851 919 940 992 Cum
967 918 1060 990 enim
1083 921 1238 992 defectus

245 1022 337 1093 Solis
361 1037 396 1091 et
411 1020 535 1092 Lunae
559 1047 634 1093 non
659 1023 782 1094 iisdem
808 1017 907 1094 horis
929 1023 1176 1116 inaequalibus
1200 1023 1237 1094 in

246 1123 412 1194 omnibus
429 1125 632 1215 regionibus
655 1125 760 1210 lirant,
794 1149 858 1193 rrer
883 1126 1085 1194 obscuratio
1111 1151 1237 1218 corpo-

243 1252 344 1310 rum,
370 1250 435 1296 nee
450 1229 591 1298 duratio
608 1219 739 1298 similis
751 1227 814 1298 sit:
836 1229 993 1320 primum
1017 1229 1056 1295 in
1078 1229 1238 1322 qualibet

243 1333 389 1423 regione
406 1354 472 1421 pro
488 1330 722 1421 proportione
747 1343 952 1414 sumentur,
987 1323 1076 1400 hora
1102 1331 1237 1424 eclipti-

244 1457 305 1514 ca,
339 1445 374 1499 et
399 1433 471 1523 puli
496 1431 667 1515 altitudo,
709 1445 743 1501 et
767 1433 949 1514 cardines,
982 1445 1022 1503 ut
1045 1431 1082 1501 in
1105 1434 1237 1524 genesi.

242 1531 400 1616 Deinde,
438 1545 526 1628 quot
548 1530 647 1604 horis
674 1535 994 1628 aequinoctialibus
1016 1535 1054 1602 in
1077 1537 1237 1630 qualibet

241 1637 405 1728 regione,
432 1661 499 1728 pro
516 1637 765 1730 proportione,
791 1641 896 1706 duret
909 1637 1125 1722 obscuratio,
1151 1665 1235 1709 con·

242 1739 472 1809 siderandum
492 1751 555 1808 est.

162 1949 168 1954 -
344 1855 408 1927 llis
426 1855 622 1951 inquisitis,
648 1871 738 1952 quot
754 1853 862 1929 horas
883 1858 1159 1953 aequinoctiales
1183 1859 1236 1926 iu-

241 1961 444 2044 veniemus,
471 1972 525 2030 tot
539 1961 641 2030 annis
658 1957 802 2029 durabit
818 1974 964 2030 eventus
982 1960 1121 2054 eclipsis
1136 1961 1237 2032 Sola-

241 2064 308 2148 ris,
335 2073 390 2132 tot
404 2087 489 2131 veru
507 2061 686 2134 naerrsibus
709 2063 846 2156 eclipsis
861 2061 1028 2134 Lunaris.

342 2181 446 2251 lnitia
464 2207 549 2252 vero
567 2195 602 2252 et
617 2183 836 2254 incrementa
857 2183 1083 2253 effectionum
1104 2207 1236 2274 cogno·

240 2309 378 2356 scamus
411 2309 453 2354 ex
480 2286 558 2354 loco
594 2287 767 2368 defectus,
816 2285 1032 2377 adspiciente
1060 2287 1235 2357 cardines.

139 2389 143 2396 ’
239 2385 332 2459 Nam
357 2413 436 2458 cum
461 2387 559 2462 locus
581 2389 650 2456 crit
673 2389 710 2456 in
734 2383 922 2458 horizonte
946 2388 1132 2471 orientali,
1168 2388 1236 2457 ini-

240 2490 330 2558 tium
355 2490 459 2572 erite
479 2491 732 2584 quadrimestri
756 2491 922 2584 proximo
942 2503 1024 2584 post
1046 2491 1234 2562 delectum.

238 2589 533 2662 Vehementiores
549 2605 666 2663 autem
684 2594 950 2684 progressiones
969 2607 1075 2662 erunt
1100 2593 1136 2662 in
1162 2593 1234 2686 pri-

168 2750 172 2771 ,
238 2695 300 2764 mo
318 2695 446 2764 triente
464 2695 650 2764 raniversae
665 2685 877 2764 durationis.
928 2693 997 2762 Sed
1015 2696 1044 2764 si
1058 2696 1157 2764 locus
1175 2699 1234 2764 de-

238 2799 350 2866 fectus
371 2797 440 2868 erit
461 2797 497 2865 in
523 2797 643 2866 medio
667 2797 774 2880 coeli,
814 2795 917 2864 initia
948 2808 1052 2866 erunt
1078 2800 1233 2867 secundo

239 2898 511 2994 quadrimestri,
537 2911 573 2968 et
595 2891 879 2970 vehementiores
903 2899 1170 2991 progressiones
1195 2901 1231 2968 in

237 3004 394 3072 secundo
414 3002 554 3072 triente.
612 3000 675 3072 Sin
691 3015 808 3072 autem
825 3001 893 3072 erit
907 3002 1006 3072 locus
1022 3004 1177 3074 defectus
1196 3004 1233 3071 in

238 3104 449 3178 occidentali
484 3101 693 3188 horizonte,
737 3105 838 3177 initia
870 3117 978 3179 erunt
1008 3107 1114 3177 tertio
1146 3131 1233 3200 qua-

235 3207 418 3278 drimestri
447 3220 481 3276 et
509 3203 792 3280 vehementiores
823 3207 1026 3279 effectiones
1058 3209 1096 3279 in
1126 3209 1232 3278 tertio

238 3308 380 3379 triente.

340 3428 475 3496 Verum
502 3429 734 3520 particulares
759 3429 985 3500 remissiones
1007 3443 1042 3498 et
1065 3429 1234 3500 intentio-

237 3554 300 3601 nes
322 3529 576 3601 iudicabuntur
606 3557 648 3600 er
682 3532 1013 3615 coniunctionibus,
1056 3558 1147 3625 quae
1179 3533 1231 3601 in-

237 3633 342 3703 terim
367 3633 453 3702 fient
473 3631 510 3700 in
533 3633 594 3701 illo
614 3635 714 3718 loco,
745 3635 806 3704 ubi
827 3635 895 3704 fuit
918 3635 1074 3726 eclipsis,
1108 3649 1171 3705 arat
1193 3636 1230 3704 in

237 3735 516 3826 adspicientibus
532 3760 611 3806 eum
633 3737 771 3820 locum,
809 3748 843 3806 et
865 3739 908 3806 ab
930 3736 1007 3807 aliis
1029 3735 1137 3808 stellis
1159 3762 1229 3808 nna

236 3831 455 3922 orientibus,
481 3863 573 3932 quac
592 3839 790 3930 significant
814 3840 1035 3923 effectiones,
1066 3865 1146 3910 cum
1169 3855 1232 3910 aut

235 3942 272 4010 in
290 3953 390 4023 ortu,
413 3955 478 4010 'arn
496 3941 534 4009 in
550 3965 694 4026 occasu,
722 3953 783 4012 aut
799 3941 836 4010 in
852 3941 1084 4025 stationibus,
1117 3943 1231 4013 autin

236 4057 319 4114 ortu
336 4044 561 4135 vespertino,
586 4044 689 4138 signa
705 4045 926 4138 adspiciunt,
950 4045 1139 4139 inquibus
1164 4048 1231 4117 fuit

235 4148 403 4230 marrus.

315 4265 432 4347 ³Nom
465 4279 566 4336 ortus
594 4279 629 4334 et
656 4267 829 4339 stationes
850 4268 987 4338 faciunt
1008 4267 1229 4338 incrementa

235 4374 439 4438 erentuurn.
507 4365 548 4437 ln
581 4393 709 4439 occasu
732 4393 818 4440 vero
844 4383 879 4438 et
902 4369 1140 4440 occultatione
1162 4371 1228 4440 sub

232 4469 369 4554 radiis,
416 4484 451 4540 ot
485 4484 567 4540 ortu
601 4473 833 4563 vespertino,
879 4471 1106 4543 remissiones
1139 4475 1230 4542 fiunt

134 4609 137 4616 ·
233 4579 438 4645 ereirtumn.

239 4794 252 4852 ,⁸
297 4833 300 4840 .
448 4821 451 4838 .
484 4815 488 4843 2
520 4767 576 4836 De
597 4787 721 4854 genere
746 4773 935 4841 evasoum.
966 4841 969 4848 ,

246 4916 287 4946 ··’
309 4885 620 4990 ''Tertium‘eaput
635 4911 706 4980 est,
734 4899 829 4966 unde
851 4897 1002 4980 sciatur,
1032 4900 1154 4992 quales
1173 4902 1229 4971 fu-

231 5001 391 5074 tu'risint
406 5015 564 5072 eventus.
622 4997 662 5068 ld
674 5025 718 5068 ex
736 5001 967 5094 qualitatibus
983 5014 1018 5069 et
1033 5003 1155 5092 figuris
1169 5027 1228 5072 eo-

230 5128 311 5173 rum
331 5105 515 5194 signorum
538 5102 711 5186 sumitur,
746 5103 783 5172 in
808 5105 937 5197 quibus
959 5105 1104 5174 bierunt
1122 5106 1231 5176 lumis

230 5231 323 5287 naus
336 5209 515 5290 defectus,
541 5205 1153 5294 et.tucisstellarmn.dorninantium
1173 5234 1227 5278 er-

215 5309 660 5396 naturamnaturaim,
692 5321 733 5390 et·
749 5309 851 5399 signo
868 5309 967 5401 ipso,
1002 5310 1040 5383 iu
1065 5335 1137 5404 quo
1159 5313 1229 5384 fuit
1336 5335 1342 5346 ·

229 5413 417 5498 usstass..
429 5425 465 5496 st
480 5411 723 5506 ‚strumense
743 5424 795 5499 est
810 5411 847 5493 in
864 5413 1021 5522 caroius.
1048 5466 1051 5476 .

783 183 787 190 ’
826 153 949 295 erun
983 217 1096 294 amo.
1130 220 1334 296 senuna
1372 223 1709 306 runonoorca.

2238 237 2288 312 tt

1393 395 1604 470 Dominatio
1639 413 1761 473 autem
1786 403 1972 477 stellarum
2003 405 2200 481 errantium
2235 407 2287 478 ita

1290 513 1462 572 sumetur.
1513 502 1605 574 Nam
1622 505 1686 597 qni
1709 503 1851 594 planeta
1873 505 2035 596 pluribus
2060 509 2178 583 modis
2201 528 2288 580 eon·

1290 616 1390 693 groet
1415 606 1457 671 ad
1480 617 1672 698 utrumque
1695 605 1814 678 locum
1835 609 2013 692 defectus,
2045 623 2082 680 et
2100 613 2148 680 ad
2170 611 2289 680 erardi·

1291 728 1392 787 nem,
1420 707 1481 800 qui
1496 709 1677 800 sequitur,
1704 703 1762 777 hic
1776 711 1872 780 solus
1888 711 2153 796 dominabitur,
2188 715 2287 784 vide·

1289 805 1371 876 licet
1395 809 1456 902 qui
1481 824 1677 902 apparente
1698 834 1838 882 accessu
1859 825 1919 882 aut
1944 813 2146 883 defluxione
2163 818 2288 911 proxi·

1290 935 1369 980 mus
1391 923 1460 996 est,
1495 926 1557 982 aut
1587 913 1648 1006 qui
1679 917 1847 1006 adspectu
1877 915 1998 1011 aliquo
2031 917 2287 1007 configuratus,

1290 1025 1351 1081 aut
1368 1014 1448 1104 plus
1472 1013 1568 1084 valet
1589 1027 1737 1108 propter
1761 1017 2005 1102 domicilium,
2039 1033 2103 1090 aut
2125 1021 2287 1111 triangu-

1289 1115 1386 1196 lum,
1418 1128 1480 1184 :sut
1502 1117 1749 1202 altitudinem,
1784 1130 1846 1189 aut
1872 1133 2022 1212 propter
2053 1122 2152 1193 lines.
2218 1123 2286 1192 Sin

1290 1229 1407 1286 autern
1425 1241 1498 1286 non
1522 1221 1703 1289 invenitur
1722 1222 1817 1290 idem
1842 1222 2011 1293 dominus
2032 1223 2101 1292 loci
2125 1227 2286 1296 defectus

1289 1332 1324 1388 et
1337 1320 1511 1406 cardinis,
1544 1323 1605 1394 sed
1631 1327 1722 1392 dero:
1757 1327 1977 1395 anteferatur
1998 1325 2141 1420 quidem
2165 1329 2288 1396 domi-

1289 1445 1355 1492 nus
1368 1423 1436 1491 lori
1453 1425 1626 1508 defectus,
1647 1427 1707 1496 sed
1725 1439 1845 1496 tamen
1860 1428 2076 1519 adiungatur
2091 1429 2197 1516 alter,
2218 1431 2288 1525 qui

1289 1525 1332 1593 ad
1348 1537 1541 1619 utrumque
1559 1527 1672 1618 magis
1687 1531 1863 1620 congruit.
1921 1530 1984 1601 Sin
2007 1545 2125 1600 autem
2147 1533 2286 1602 multae

1287 1627 1408 1696 stellae
1424 1628 1502 1721 pari
1519 1631 1711 1700 autoritate
1730 1644 1921 1728 utrumque
1938 1634 2054 1703 locum
2073 1635 2205 1705 intueri
2230 1637 2287 1704 vi-

1288 1730 1486 1801 debuntur:
1514 1735 1741 1802 anteferenda
1765 1735 1833 1804 erit
1854 1735 2004 1828 propior
2027 1737 2183 1820 cardini,
2219 1753 2288 1808 aut

1288 1833 1471 1925 potentior
1485 1835 1762 1926 significatione,
1788 1849 1850 1907 aut
1865 1838 2036 1932 qualitate
2055 1839 2286 1912 familiarior.

1388 1951 1578 2024 Stellarum
1602 1969 1719 2028 autem
1744 1957 1893 2028 fixarum
1916 1963 2126 2030 assumenda
2151 1973 2204 2030 est
2226 1985 2286 2044 ea,

1289 2077 1380 2147 quae
1395 2057 1495 2148 quasi
1513 2059 1690 2149 praesidet
1700 2061 1940 2149 praetereunti
1949 2061 2098 2146 cardini,
2116 2075 2150 2132 et
2161 2063 2286 2154 splen-

1288 2149 1375 2225 dore
1392 2157 1511 2248 potior
1529 2173 1580 2229 est
1594 2166 1791 2233 secundum
1805 2187 1935 2232 norem
1951 2165 2098 2250 modos,
2130 2189 2223 2259 quos
2243 2167 2287 2234 in

1287 2257 1379 2328 libro
1414 2273 1539 2330 octavo
1573 2263 1727 2354 Magnae
1759 2265 2030 2356 compositionis
2045 2267 2089 2362 ¹¹)
2127 2269 2285 2348 tradidi;

1288 2375 1349 2431 aut
1373 2387 1464 2454 quae
1490 2365 1597 2436 simul
1619 2367 1734 2437 oritur
1756 2367 1792 2436 in
1815 2370 1891 2460 ipsa
1908 2365 1998 2438 hora
2016 2372 2192 2453 defectus,
2220 2386 2290 2441 aut

1287 2475 1384 2532 tenet
1400 2466 1557 2535 medium
1574 2469 1663 2538 coeli
1678 2471 1775 2540 iuxta
1790 2472 1966 2554 cardines,
1990 2470 2108 2542 locum
2126 2473 2289 2544 defectus

1287 2579 1485 2661 sequentes.

1388 2669 1452 2740 His
1476 2671 1523 2740 ita
1547 2672 1798 2757 consideratis,
1831 2687 1867 2744 et
1890 2676 2079 2768 assumptis
2101 2675 2211 2748 stellis
2235 2681 2290 2750 ad

1286 2793 1409 2842 causas
1426 2773 1652 2858 iudicandas,
1677 2776 1812 2865 figurae
1824 2777 2009 2870 signorum
2026 2780 2292 2872 adspicientur,

1286 2871 1323 2940 in
1340 2874 1469 2967 quibus
1484 2877 1524 2945 lit
1537 2879 1711 2960 defectus,
1738 2889 1773 2946 et
1788 2879 1826 2948 in
1841 2881 1970 2974 quibus
1983 2895 2066 2952 sunt
2081 2883 2203 2967 stellae
2217 2885 2292 2954 do·

1285 2973 1483 3061 minantes,
1509 2983 1603 3050 rande
1618 3004 1729 3072 genus
1745 2995 1936 3054 eventuum
1962 2985 2114 3056 iudicari
2136 2986 2293 3076 poterit.

1285 3077 1378 3150 Nam
1397 3107 1488 3175 quae
1512 3079 1646 3154 lrasbent
1662 3079 1856 3154 humanam
1881 3089 2030 3179 liguram
2054 3089 2093 3157 in
2107 3089 2292 3174 zodiaco,

1285 3181 1484 3272 significant
1507 3182 1725 3278 hominibus.
1792 3188 1995 3260 Terrestria
2024 3215 2115 3262 vero
2147 3191 2293 3282 signifi-

1286 3299 1367 3355 cant
1384 3287 1447 3371 iis,
1475 3315 1628 3384 quorum
1645 3292 1779 3382 figurae
1795 3292 1903 3383 signis
1919 3292 2052 3364 similes
2067 3307 2162 3364 sunt.
2198 3294 2293 3363 Ser·

1285 3398 1408 3478 pentes
1426 3393 1517 3459 mala
1538 3394 1737 3484 significant
1754 3395 1998 3487 exanguibus,
2024 3410 2060 3466 et
2074 3397 2168 3469 ferae
2183 3399 2292 3468 mala

1285 3513 1327 3558 ex
1351 3491 1447 3566 feris.
1509 3491 1650 3564 Bestiae
1679 3511 1885 3569 mansuetae
1915 3495 2116 3590 significant
2145 3501 2294 3570 damna

1285 3615 1325 3660 ex
1352 3595 1555 3667 domesticis
1578 3612 1611 3666 et
1636 3600 1847 3684 mansuetis,
1895 3614 1931 3670 et
1959 3605 2002 3670 ad
2031 3602 2203 3674 utilitates
2227 3605 2295 3672 vi-

1284 3707 1340 3764 tae
1364 3701 1661 3786 accommodatis,
1687 3714 1726 3772 ut
1749 3700 1970 3794 singularum
1992 3703 2186 3796 figurarum
2210 3705 2296 3777 fert

1283 3797 1396 3882 ratio,
1443 3825 1638 3894 equorum,
1673 3805 1782 3873 boum
1818 3819 1851 3875 et
1885 3806 2049 3877 aliarum.
2117 3803 2163 3877 Et
2190 3809 2296 3898 ligu-

1283 3923 1343 3969 rae
1373 3905 1668 3994 septentrionales
1696 3921 1859 3978 terrenae
1891 3909 2027 3981 subitos
2056 3925 2173 3980 terrae
2200 3937 2297 3982 rno-

1283 4015 1365 4086 tus,
1419 4005 1638 4078 meridianae
1677 4035 1826 4103 magnos
1863 4025 1897 4082 et
1934 4011 2173 4106 inexpectatos
2211 4015 2296 4088 tm-

1282 4107 1373 4177 bres.
1426 4107 1515 4179 Cum
1539 4113 1637 4182 locus
1658 4113 1792 4204 figurae
1816 4115 2032 4207 pennigeras
2056 4118 2297 4204 dominatur,

1281 4220 1321 4277 ut
1336 4209 1468 4302 Virgo,
1495 4213 1725 4304 Sagittarius,
1749 4215 1910 4302 Gallina,
1936 4223 2067 4288 damna
2088 4221 2296 4293 volucrum
2343 4309 2344 4314 ἵ

1281 4311 1545 4401 significantur,
1581 4341 1704 4386 earum
1729 4321 1939 4412 praecipue,
1973 4349 2125 4420 quarum
2150 4326 2188 4393 in
2210 4323 2296 4398 hu-

1281 4439 1389 4484 mano
1407 4419 1501 4488 victu
1517 4443 1600 4492 usus
1624 4435 1686 4492 est.
1745 4423 1782 4492 Si
1807 4449 1893 4493 vero
1914 4429 2116 4497 natantium
2139 4431 2297 4519 figurae

1282 4519 1535 4606 dominantur,
1561 4539 1708 4596 eventus
1731 4539 1836 4598 erunt
1859 4527 1896 4598 in
1921 4531 2094 4624 aquaticis
2116 4544 2150 4601 et
2171 4531 2301 4622 pisci-

1280 4621 1366 4703 bus,
1390 4647 1454 4692 seu
1470 4628 1651 4710 naarinae,
1678 4643 1718 4698 nt
1735 4629 1883 4715 Cancer,
1911 4629 2163 4724 Capricornus,
2192 4633 2300 4708 bet-

1283 4719 1430 4814 phinus;
1463 4741 1548 4798 tunc
1565 4731 1660 4798 enirn
1677 4731 1826 4804 marinis
1844 4733 2063 4825 significatur
2079 4752 2114 4806 et
2127 4737 2303 4829 nariga-

1280 4825 1459 4907 tionibus;
1501 4856 1565 4902 seu
1590 4833 1800 4919 fluviatiles,
1841 4850 1881 4907 ut
1904 4840 2105 4932 Aquarius,
2139 4837 2303 4928 Pisces3

1281 4941 1365 5002 tunc
1399 4933 1493 5002 enim
1529 4935 1759 5008 fluviatilibus
1793 4953 1828 5008 et
1854 4941 2012 5013 fontanis
2044 4942 2304 5034 significatur.

1279 5033 1377 5122 Argo
1393 5037 1554 5131 utrisque
1567 5039 1753 5129 significat.
1804 5043 1851 5112 Bc
1866 5044 1904 5112 in
1918 5044 2065 5137 tropicis
2089 5059 2124 5116 et
2152 5053 2308 5142 aequi-

1278 5137 1492 5210 noctialibus
1508 5142 1617 5211 stellis
1628 5142 1866 5216 communiter
1880 5161 1986 5218 nocet
1998 5149 2137 5241 eclipsis
2151 5162 2186 5218 et
2200 5159 2309 5230 aeri

1313 5380 1360 5440 tn
1377 5381 1418 5430 lte
1446 5382 1498 5432 troo
1523 5379 1674 5432 Ptolemae!
1700 5394 1801 5448 opere,
1838 5379 1954 5450 uasta
1980 5379 2106 5446 σύνταξις
2136 5387 2307 5456 inscripto

1224 5490 1230 5526 3
1347 5453 1420 5503 cont.
1439 5448 1641 5512 Protagoram
1657 5465 1681 5514 p.
1699 5451 1787 5502 t-r.
