4700 5808
216 213 270 290 et

116 409 119 416 ·
219 389 348 458 occasu
362 385 411 453 ad
430 383 543 453 imum
559 381 667 462 coeli;
692 381 895 474 vespertina
913 404 999 452 vcro
1019 393 1053 450 ct
1070 392 1215 452 noctur-

219 514 287 574 na,
312 491 401 560 duas
421 487 579 582 reliquos
595 486 824 580 quadrantes.

321 641 414 712 Sunt
428 653 463 710 et
479 640 569 710 aliae
586 638 865 732 appellationes,
890 639 999 730 signis
1016 661 1217 707 accommo-

219 748 325 815 datae
355 744 543 814 aformis:
583 756 625 814 ut
655 743 724 812 alia
756 745 925 813 dicuntur
957 742 1216 835 quadrupedia,

219 847 290 918 alia
315 849 518 931 terrestria,
563 847 631 914 alia
656 846 903 929 dominantia,
934 845 1003 913 alia
1028 847 1217 926 foecunda,

219 965 282 1021 aut
299 950 435 1045 aliquid
450 946 678 1033 huiusmodi,
706 973 893 1044 quaecum
919 972 962 1017 ex
988 948 1073 1041 ipsis
1095 946 1217 1038 figuris

218 1053 407 1124 manifesta
424 1055 516 1136 sint,
541 1077 847 1145 supervacaneum
866 1052 950 1120 duxi
973 1075 1032 1122 eas
1060 1051 1218 1142 appella-

220 1157 337 1226 tiones
367 1179 571 1239 recensere,
614 1180 694 1225 cum
726 1156 871 1250 quidem
902 1167 1005 1222 antea
1030 1155 1215 1244 signorum

220 1259 412 1353 qualitates
426 1259 671 1350 exposuerim,
698 1259 883 1352 quomwo
898 1259 937 1326 in
959 1258 1097 1328 iudiciis
1121 1257 1217 1327 utili-

220 1374 275 1432 ter
292 1361 385 1432 vires
399 1386 523 1431 earum
547 1361 829 1432 considerentur.

465 1619 520 1685 De
541 1614 752 1703 adspectibus
778 1616 964 1704 signorum.

321 1783 486 1854 Primum
523 1783 708 1875 adspectus
745 1785 902 1876 partium
939 1783 1104 1866 Zodiaci‚
1155 1782 1218 1876 qni

219 1889 350 1978 figuras
365 1897 478 1956 certas
494 1887 669 1972 efficiunt,
704 1888 864 1980 aliquam
888 1887 981 1956 inter
1004 1911 1041 1958 se
1064 1887 1217 1955 familia-

218 1992 362 2062 ritatem
390 1986 536 2062 habent.

322 2124 486 2196 Primum
509 2138 650 2218 partes,
676 2150 768 2221 quac
795 2125 972 2195 diametra
996 2126 1148 2206 distant,
1183 2137 1218 2192 et

218 2231 311 2300 duas
341 2240 457 2300 rectas
486 2230 636 2320 angulos
668 2229 873 2312 continent,
922 2229 1088 2297 videlicet
1115 2228 1215 2317 signa

219 2357 299 2416 sex,
349 2357 412 2403 seu
433 2334 563 2422 gradus
588 2345 730 2400 centum
757 2343 792 2400 et
816 2331 1010 2424 octoginta.
1075 2329 1216 2399 Deinde

219 2447 359 2528 partes,
387 2459 479 2529 quae
497 2437 646 2526 liguram
674 2435 831 2505 efficiunt
851 2435 1089 2526 triangulam,
1125 2457 1216 2527 quae

220 2537 380 2608 continet
395 2563 510 2608 unum
530 2551 666 2608 rectum
691 2538 862 2630 angulum
888 2552 923 2609 et
945 2539 1135 2619 trientem,
1165 2535 1218 2604 vi·

218 2642 346 2710 delicet
359 2641 459 2732 signa
478 2654 655 2733 quatuor,
688 2665 751 2713 seu
772 2643 904 2731 gradus
920 2654 1061 2710 centum
1077 2639 1217 2729 viginti.

218 2744 409 2815 Praeterea
440 2753 580 2834 partes,
622 2767 714 2838 quae
737 2744 1024 2836 quadrangulum
1048 2741 1216 2825 efficiunt,

220 2857 256 2916 et
284 2845 468 2914 continent
498 2868 611 2916 unum
642 2859 778 2916 rectum
816 2847 1007 2937 angulum,
1051 2844 1218 2913 videlicet

104 3033 109 3038 ¹
218 2946 424 3040 signatria,
457 2971 522 3018 seu
545 2949 676 3040 gradus
698 2950 908 3040 nonaginta.
968 2951 1094 3020 Partes
1116 2947 1217 3031 vero,

220 3075 313 3148 quae
334 3051 565 3142 sexangulum
585 3052 759 3136 efficiunt,
793 3053 979 3122 continent
1000 3050 1107 3124 unius
1128 3051 1217 3120 recti

220 3153 342 3246 anguli
356 3155 445 3226 duas
460 3155 603 3240 tertias,
629 3155 794 3226 videlicet
808 3157 909 3249 signa
929 3159 1024 3240 duo,
1050 3179 1113 3226 seu
1137 3178 1216 3246 gra-

219 3259 286 3329 dus
306 3259 502 3350 sexaginta.

322 3393 396 3465 Cur
416 3407 535 3494 autem
560 3389 650 3464 haec
674 3407 814 3466 tantum
843 3396 1047 3467 discrimina
1073 3409 1214 3491 recepta

219 3499 312 3582 sint,
337 3496 440 3566 facile
453 3492 540 3566 hinc
554 3497 705 3590 intelligi
721 3511 851 3598 potest.

321 3635 486 3704 Primum
507 3632 694 3705 manifesta
717 3646 770 3706 est
799 3634 912 3718 ratio,
956 3660 1019 3706 cur
1049 3633 1215 3706 diametri

220 3738 332 3826 figura
355 3737 542 3808 observata
566 3737 623 3808 sit.
681 3737 774 3808 Nam
799 3735 979 3831 oppositio
1006 3751 1059 3808 est
1083 3738 1120 3808 in
1143 3763 1214 3808 una

219 3851 315 3911 recta
333 3839 441 3911 linea.
493 3839 624 3911 Postea
641 3863 750 3924 vero,
775 3841 806 3911 si
828 3845 915 3910 duas
938 3840 1111 3912 maximas
1130 3866 1216 3934 por-

218 3943 335 4013 tiones
368 3943 465 4012 iuxta
494 3939 704 4014 harmonias
735 3957 770 4014 et
799 3943 1093 4037 superportioncs
1124 3945 1214 4014 acci-

218 4045 381 4137 piamus,
408 4045 571 4117 videlicet
586 4047 810 4118 semicirculo
833 4047 947 4117 diviso
971 4047 1026 4116 vel
1050 4073 1115 4140 per
1141 4073 1215 4118 me-

219 4147 342 4230 dium,
367 4161 409 4217 nt
425 4149 496 4218 sint
515 4151 586 4220 duo
602 4150 849 4242 rectianguli,
874 4151 931 4221 vel
952 4175 1016 4242 per
1038 4151 1125 4220 tria:
1161 4151 1214 4220 di-

218 4249 310 4320 visio
327 4274 392 4340 per
408 4251 567 4321 medium
590 4253 717 4321 efficiet
740 4255 1025 4347 quadrangulam
1050 4256 1214 4345 figuram,

218 4352 348 4422 divisio
379 4377 465 4422 vero
495 4354 533 4422 in
564 4353 633 4424 tria
665 4351 774 4424 habet
796 4358 1026 4449 sexangulam
1050 4357 1213 4448 figuram.

93 4483 98 4488 ·
217 4453 544 4550 Superportionum
576 4470 718 4542 autem,
755 4457 785 4528 si
809 4456 1046 4530 constituatur
1072 4484 1091 4528 a
1114 4474 1213 4530 recto

220 4557 352 4650 angula
395 4561 571 4653 quadrato
613 4559 832 4656 sesquiplum
867 4575 902 4631 et
935 4561 1214 4658 sesquitertium,

218 4661 398 4756 sesquipla
429 4661 522 4732 ratio
553 4675 606 4733 est
631 4665 871 4758 quadranguli
894 4667 940 4734 ad
962 4665 1213 4757 sexangulum

217 4765 442 4862 sesquitertia
459 4791 544 4836 vero
561 4777 614 4836 est
629 4765 799 4859 trianguli
815 4770 858 4836 ad
878 4770 1177 4864 quadrangulum.

294 4899 556 4976 Existimantnr
571 4916 689 4976 autem
704 4917 834 4975 natura
852 4889 1088 4998 congruentes
1101 4907 1215 4976 trian-

218 5004 294 5096 guli
310 5015 346 5074 et
360 5007 544 5098 sexanguli
561 5010 766 5100 adspectus,
792 5023 983 5102 propterea
1008 5011 1106 5104 quod
1128 5023 1215 5081 tunc

217 5119 367 5199 cognata
385 5109 486 5200 signa
500 5111 674 5180 feminina
698 5123 761 5182 aut
784 5115 939 5184 mascula
965 5114 1212 5187 conteruntur.

216 5209 302 5284 Non
317 5226 521 5302 congruunt
534 5226 653 5285 autem
678 5217 918 5310 quadranguli
938 5218 1143 5308 adspectus,
1178 5229 1212 5286 et

90 5351 95 5358 ·
218 5313 398 5406 oppositi,
433 5316 618 5412 quietalis
642 5317 849 5392 constitutio
873 5332 926 5392 est
947 5319 1213 5392 contrariorum

215 5415 416 5512 signorum.

795 205 920 281 eall..
955 205 1068 280 MEL.
1102 201 1307 280 SCRIPTA
1341 199 1681 278 PHILOLOGICA.

2215 205 2268 284 28

1375 382 1431 450 De
1455 378 1701 468 imperantibus
1725 386 1759 450 et
1780 378 2007 448 obedientibus
2031 379 2153 466 signis.

1351 513 1532 585 Dicuntur
1548 515 1655 584 etiam
1671 513 1885 604 imperantia
1903 526 1938 582 et
1955 510 2159 582 obedientia
2174 511 2267 594 loca,

1269 641 1361 712 quae
1376 617 1520 712 aequali
1534 617 1651 709 spatio
1669 617 1803 688 distant
1817 617 1863 685 ab
1884 617 2010 685 eodem
2030 615 2088 684 iel
2110 626 2266 707 utroque

1268 734 1484 812 punctorum
1520 719 1863 814 aequinoctialium:
1912 743 1954 788 ca
1989 719 2090 812 quod
2118 717 2268 810 aequali

1269 825 1441 916 temporis
1460 823 1577 916 spatio
1602 825 1789 905 oriuntur,
1822 823 2037 914 eosdemque
2060 820 2266 890 describunt

1269 927 1471 1018 parallelos.
1500 924 1718 1018 Imperantia
1737 949 1822 995 vera
1837 937 1921 996 suat
1936 925 1972 993 in
1989 924 2122 994 aestiva
2139 917 2267 1014 sphae-

1268 1055 1329 1100 rae
1344 1042 1466 1122 parte‚
1490 1028 1671 1100 audientia
1690 1053 1776 1097 vero
1794 1029 1833 1096 in
1849 1039 1952 1119 parte
1975 1024 2146 1110 hiberna,
2180 1025 2268 1119 qnia

1269 1133 1330 1204 Sol
1353 1133 1392 1200 in
1415 1134 1547 1202 aestiva
1570 1144 1674 1224 parte
1695 1131 1877 1222 longiores
1899 1131 1985 1200 facit
2009 1129 2104 1212 dies,
2139 1129 2177 1197 in
2209 1124 2267 1196 hi-

1268 1239 1379 1306 berna
1397 1260 1483 1305 vero
1501 1233 1696 1306 breviores.

1358 1427 1413 1495 De
1438 1427 1647 1496 intuentibus
1671 1433 1705 1494 et
1730 1425 1819 1493 idem
1844 1421 2030 1492 valentibus
2053 1421 2173 1512 signia.

1370 1559 1533 1631 Dicimus
1547 1558 1705 1630 eiusdem
1721 1559 1815 1629 inter
1830 1583 1866 1630 se
1883 1557 2066 1650 potentiae
2088 1579 2162 1627 esse
2184 1578 2268 1645 par-

1220 1685 1226 1696 ·
1269 1675 1342 1747 tes,
1383 1665 1428 1733 ab
1457 1689 1531 1738 una
1556 1665 1612 1732 vel
1637 1676 1792 1756 utroque
1815 1661 2036 1756 tropicarum
2069 1659 2267 1752 aequaliter

1269 1768 1452 1839 distantes.
1510 1767 1602 1836 Sunt
1622 1767 1719 1834 enim
1743 1765 1905 1860 aequalia
1928 1763 2042 1856 spatia
2068 1760 2208 1832 dierum
2232 1773 2269 1830 et

1269 1869 1428 1940 noctium
1449 1882 1484 1938 et
1497 1865 1693 1952 horarum,
1724 1869 1868 1962 quando
1890 1867 1953 1936 sot
1975 1867 2143 1934 alterutra
2162 1888 2269 1956 pera·

1270 1985 1362 2063 grat.
1414 1971 1510 2041 Haec
1527 1972 1633 2041 etiam
1650 1971 1783 2040 intueri
1798 1995 1835 2040 se
1857 1982 1983 2041 mutuo
2009 1969 2196 2050 dicuntur,
2232 1979 2270 2035 ct

1269 2088 1417 2168 propter
1442 2099 1582 2159 causas,
1621 2099 1710 2168 quas
1730 2073 1823 2159 dixi,
1862 2086 1897 2144 et
1920 2072 2004 2166 quia
2029 2084 2181 2164 utraque
2206 2069 2270 2138 iis-

1269 2180 1351 2248 dem
1367 2179 1454 2249 locis
1469 2172 1668 2249 horizontis
1687 2175 1866 2261 oriuntur,
1895 2189 1930 2245 et
1943 2176 2068 2246 iisdem
2086 2173 2271 2243 occidunt.

1582 2387 1588 2394 ·
1647 2319 1882 2438 lncaniuncta.

1371 2501 1603 2574 lncaniuncta
1627 2526 1713 2572 vero
1741 2515 1777 2572 et
1800 2503 1915 2570 aliena
1943 2501 2132 2585 dicuntur,
2172 2519 2267 2596 quae

1268 2607 1404 2678 nullam
1421 2607 1515 2677 iuter
1535 2632 1571 2678 se
1594 2606 1875 2676 familiaritatem
1897 2600 2051 2688 habent,
2085 2603 2183 2675 iuxta
2206 2629 2268 2674 ra-

1269 2710 1384 2780 tiones
1401 2710 1529 2778 dietas:
1555 2708 1719 2778 videlieet
1738 2733 1829 2803 quae
1845 2732 1961 2802 neque
1978 2709 2177 2800 imperant,
2202 2733 2270 2778 ne-

1269 2837 1338 2907 que
1363 2812 1557 2896 obediunt,
1590 2835 1706 2907 neque
1727 2837 1764 2884 se
1788 2811 1995 2895 intuentur,
2027 2835 2144 2908 neque
2169 2811 2270 2882 idem

1268 2915 1410 3001 valent,
1453 2939 1570 3010 neque
1600 2915 1712 2984 ullam
1744 2917 1940 3007 figurarum
1970 2914 2114 2985 illarum
2138 2917 2273 2986 descri-

1267 3020 1377 3103 bunt,
1410 3043 1499 3113 quas
1521 3017 1782 3090 recensuimus:
1817 3043 1893 3088 non
1917 3019 2154 3105 diametrum,
2189 3045 2271 3090 non

1268 3121 1472 3214 trigonum,
1498 3121 1898 3218 non'quadrangulum,
1923 3145 1999 3191 non
2014 3123 2271 3216 sexangulum

1268 3228 1330 3296 sed
1364 3251 1456 3320 quac
1484 3227 1541 3296 vel
1570 3227 1746 3310 secunda,
1797 3225 1853 3295 vel
1885 3238 1980 3295 sexta
2013 3241 2271 3300 numerantur.

1268 3327 1360 3402 Nam
1379 3330 1642 3423 quaeserunda
1664 3341 1765 3412 sunt,
1798 3351 1921 3398 aversa
1949 3341 2076 3399 sunta
2104 3355 2196 3416 sese,
2231 3343 2273 3401 et

1268 3435 1340 3503 dara
1357 3431 1458 3524 signa
1480 3433 1650 3502 continua
1673 3431 1862 3502 coniuncta
1885 3441 1998 3502 mum
2023 3431 2181 3503 efficiunt
2201 3458 2273 3502 an-

1268 3537 1403 3628 gulum.
1454 3532 1517 3605 llla
1533 3561 1633 3620 vero,
1650 3561 1743 3630 quae
1755 3546 1851 3604 sexta
1868 3547 2119 3623 numerantur,
2146 3550 2270 3608 toturn

1269 3641 1393 3710 arbem
1424 3639 1462 3709 in
1493 3653 1613 3733 partes
1644 3638 1851 3732 inaequales
1881 3651 2021 3720 secant,
2063 3661 2143 3709 cum
2169 3641 2271 3714 aliae

1268 3743 1403 3834 figurae
1418 3767 1500 3813 eum
1517 3743 1555 3811 in
1571 3755 1690 3835 partes
1706 3742 1873 3836 aequales
1890 3740 2065 3812 dividant.

1647 3923 1703 3994 De
1722 3925 1885 3996 domibus.

1369 4055 1612 4129 Familiaritas
1628 4071 1681 4130 est
1695 4073 1813 4130 autem
1830 4060 1984 4152 planetis
1999 4085 2079 4130 cnm
2100 4062 2271 4156 partibus

1266 4159 1434 4253 Signiferi
1459 4177 1609 4258 propter
1633 4164 1779 4247 domas,
1813 4163 2011 4256 triangula,
2044 4165 2274 4256 altitudines,

1266 4265 1354 4336 fines
1372 4277 1406 4334 et
1421 4265 1553 4335 similes
1569 4267 1741 4360 quasdam
1760 4266 2011 4360 proprietates.

1367 4383 1507 4455 Domus
1522 4397 1642 4456 autem
1657 4387 1814 4458 naturali
1831 4387 1971 4458 ratione
1988 4387 2273 4472 distribuuntur.

1268 4486 1357 4558 Cum
1375 4489 1470 4557 enim
1488 4513 1529 4558 ex
1544 4489 1732 4560 duodecim
1760 4491 1870 4582 signis
1894 4495 1966 4562 dua
1991 4493 2150 4562 borealia
2174 4518 2270 4585 pro-

1266 4590 1360 4660 xime
1393 4593 1439 4661 ad
1469 4593 1638 4662 verticem
1666 4606 1830 4664 nostrum
1860 4597 2049 4678 accedant,
2087 4597 2268 4668 maxime-

1267 4717 1336 4788 que
1368 4696 1504 4766 calorcs
1533 4708 1569 4765 et
1590 4709 1707 4768 aestus
1730 4697 1907 4780 efficiant,
1950 4697 2087 4768 Cancer
2111 4713 2146 4768 ct
2170 4699 2267 4788 Leo,

1265 4792 1354 4866 haec
1379 4799 1450 4866 duo
1473 4798 1574 4888 signa
1600 4798 1840 4870 maximorum
1874 4813 1909 4870 ct
1934 4801 2270 4876 efficacissimorurn

1266 4899 1443 4970 luminum
1459 4903 1588 4972 domus
1602 4927 1676 4974 esse
1693 4904 1887 4974 iudicatum
1903 4917 1971 4974 est:
1997 4903 2158 4976 Leonem
2181 4907 2271 5000 qui-

1266 5004 1346 5072 dem
1365 5003 1478 5086 Salis,
1504 5005 1589 5098 quia
1605 5005 1746 5097 signum
1765 5008 1962 5078 masculum
1981 5021 2050 5088 est;
2079 5007 2268 5082 Cancrum

1266 5129 1351 5175 vero
1363 5105 1507 5190 Lunae,
1534 5107 1617 5200 quia
1633 5109 1807 5181 femineus
1822 5122 1884 5182 est.
1925 5111 1977 5179 Ac
1993 5111 2159 5204 deinceps
2174 5138 2271 5184 con-

1265 5208 1452 5282 venienter
1467 5210 1709 5286 semicirculus
1723 5236 1742 5281 a
1757 5211 1880 5284 Leone
1897 5217 1944 5286 ad
1958 5213 2271 5316 Capricornum&

1300 5445 1331 5517 7)
1351 5434 1565 5516 caprimum}
1581 5449 1632 5503 B.
1645 5451 1722 5506 taen
1741 5463 1841 5504 errore
1854 5454 1985 5518 magn:
2010 5451 2201 5519 ceruorum.
