4700 5808
118 171 129 196 .
190 249 242 328 rs

193 539 295 596 catur
327 517 509 619 ἄντάρης,
551 523 706 594 Martem
741 539 776 596 et
800 523 968 620 nonnihil
986 524 1108 596 lovem
1135 551 1192 596 re·

190 631 328 708 lernau
356 651 448 720 quac
464 651 549 696 vero
564 641 647 698 suut
663 629 700 696 in
717 631 866 700 nexibus
888 631 1041 716 candae,
1068 630 1191 700 Satur·

192 732 302 802 ninas
325 741 409 799 sunt
434 743 469 798 et
490 727 657 800 nonnihil
675 729 869 803 venereae.
920 731 1022 802 Aliae
1050 733 1086 801 in
1109 757 1191 804 acu-

191 836 251 905 leo
266 833 485 902 Mercurium
504 846 539 902 et
551 831 706 904 Martem
724 837 896 906 referunt.
946 833 1008 906 llle
1026 861 1111 905 vero
1130 859 1191 929 gy·

194 963 256 1009 rus
270 935 482 1018 nebulosus,
504 934 662 1007 Martius
676 950 711 1018 et
726 935 881 1008 lunaris
898 951 960 1010 est.

297 1053 425 1124 Stellae
451 1053 655 1146 Sagittarii,
678 1081 782 1149 ,quae
803 1069 886 1126 sunt
909 1055 946 1126 iu
969 1055 1112 1150 cuspide
1138 1083 1192 1128 sa-

133 1163 137 1168 '
194 1159 323 1252 gittae,
358 1156 511 1226 Martiae
534 1171 618 1228 sunt
644 1172 681 1227 et
700 1157 874 1230 Lunares.
943 1157 984 1228 ln
1018 1184 1122 1242 arcu,
1158 1174 1194 1229 et

195 1285 237 1331 ca
253 1259 356 1330 nervi
371 1272 608 1354 parte,·quae
625 1285 735 1331 manu
758 1257 1014 1354 prehenditur,
1040 1261 1135 1335 lovis
1159 1274 1194 1332 et

197 1363 327 1433 Martis
341 1374 510 1432 naturam
531 1365 701 1434 reserunt.
743 1365 862 1458 Gyrus
879 1365 917 1432 in
933 1365 1034 1450 facie,
1059 1366 1194 1437 Solaris

196 1479 233 1536 et
244 1463 399 1535 Martius
423 1478 486 1535 est.
537 1467 639 1536 Aliae
657 1467 695 1534 in
709 1467 816 1538 fascia
835 1479 870 1536 ct
885 1469 1014 1552 dorso,
1044 1465 1136 1540 lovis
1160 1481 1195 1538 et

103 1563 106 1570 ’
196 1567 368 1638 Mercurii
384 1579 551 1638 naturam
568 1572 740 1640 referunt.
782 1569 885 1640 Aliae
901 1570 939 1639 in
956 1572 1122 1664 pedibus,
1149 1572 1195 1641 ad

196 1668 292 1741 Iovis
309 1683 343 1739 et
360 1669 505 1739 Saturni
521 1685 688 1743 naturam
706 1675 890 1743 accedunt.
924 1673 1056 1767 Figura
1074 1673 1211 1745 autem‘

198 1785 356 1870 quatuor
379 1771 531 1842 laterum
555 1775 593 1844 in
618 1776 750 1859 cauda,
795 1773 957 1846 Venerea
989 1791 1042 1848 est
1069 1791 1103 1850 et
1133 1777 1197 1846 ali·

200 1875 416 1972 quantulum
434 1877 641 1950 Saturnine.

302 1994 432 2067 Stellae
448 1995 487 2065 in
496 1996 708 2089 Capricorni
722 2001 903 2085 cornibus,
918 2000 1102 2072 Venereae
1114 2014 1199 2071 sunt

202 2112 238 2170 et
255 2099 518 2193 aliquantulum
536 2099 708 2194 Martiae3
735 2104 773 2172 in
792 2129 867 2188 ore,
884 2103 1099 2174 Saturninae
1115 2116 1200 2174 sunt

201 2216 237 2273 et
252 2202 514 2296 aliquantulum
531 2202 731 2286 Venereae3
766 2207 805 2274 in
827 2207 977 2298 pedibus
1004 2219 1039 2277 et
1061 2219 1198 2290 ventre,

201 2304 357 2375 Martiae
384 2317 419 2374 et
441 2305 690 2388 Mercuriales;
723 2309 763 2378 in
783 2311 916 2394 cauda,
943 2309 1138 2380 Saturnum
1164 2321 1199 2379 et

200 2405 323 2480 lovem
339 2408 510 2480 referunt.

306 2527 435 2597 Stellae
452 2527 603 2622 Aquarii
620 2530 659 2598 in
674 2527 853 2614 humeris,
878 2555 989 2601 manu
1003 2531 1146 2604 sinistra
1165 2543 1201 2602 et

203 2643 320 2714 veste,
354 2629 572 2702 Saturninae
601 2645 686 2703 sunt
719 2645 753 2702 et
775 2633 1018 2706 Mercuriales.
1088 2632 1129 2704 ln
1150 2635 1200 2704 fe-

203 2732 386 2816 moribus,
428 2735 542 2824 magis
566 2733 797 2806 Mercuriales
822 2749 925 2819 sunt,
966 2736 1087 2808 minus
1113 2761 1199 2806 vero

204 2832 433 2907 Saturninae.
497 2833 540 2904 ln
561 2837 673 2908 effuso
698 2837 824 2923 latice,
860 2840 1057 2910 Saturnum
1081 2851 1116 2910 et
1137 2839 1202 2908 ali-

205 2937 420 3034 quantulum
434 2934 555 3008 lovem
571 2941 743 3011 referunt.

307 3057 437 3128 Stellae
456 3056 494 3126 in
510 3057 624 3150 capite
638 3059 750 3131 Piscis
766 3060 944 3144 australis,
971 3061 1202 3132 Mercuriales

206 3171 243 3230 et
264 3157 529 3255 aliquantulum
552 3160 782 3234 Saturninae.
840 3161 881 3234 ln
905 3189 1076 3256 corpore,
1108 3161 1203 3234 lovis

207 3275 244 3334 et
258 3261 428 3334 Mercurii
444 3275 612 3334 naturam
629 3267 807 3347 referunt;
834 3266 872 3334 in
890 3270 1002 3337 cauda
1024 3282 1059 3336 et
1078 3267 1117 3336 in
1141 3270 1202 3340 filo

206 3365 357 3438 australi
379 3367 426 3436 ad
439 3364 634 3438 Saturnum
656 3382 692 3439 et
714 3371 977 3463 aliquantulum
1001 3373 1045 3440 ad
1062 3369 1205 3467 Mercp-
1265 3381 1268 3386 '

206 3466 304 3538 rium
329 3470 513 3539 accedunt.
578 3467 620 3540 ln
646 3495 797 3564 corpore
825 3485 860 3543 et
882 3475 985 3564 spina
1007 3474 1119 3545 Piscis
1141 3476 1206 3544 bo·

208 3570 328 3655 realis,
342 3569 495 3642 Martiae
511 3586 642 3643 suntet
658 3575 920 3670 aliquantulum
930 3574 1125 3647 Venereae.
1164 3574 1205 3646 ln

207 3675 269 3744 filo
289 3674 428 3745 boreali
442 3677 615 3745 accedunt
629 3678 675 3746 ad
691 3677 837 3749 Saturni
856 3692 891 3748 et
905 3677 1000 3748 lovis
1024 3691 1206 3750 naturam.

207 3775 345 3948 Luciqa
377 3775 415 3847 in
445 3780 563 3862 nodo,
602 3779 736 3850 Martia
771 3793 823 3852 est
857 3794 892 3851 ct
919 3777 1089 3852 nonnihil
1110 3782 1207 3852 Mer-

209 3903 307 3952 curra
323 3905 364 3951 rs.

311 3996 354 4068 ln
376 3997 524 4090 regione
544 4003 818 4093 septentrionali
836 4003 986 4073 Zodiaci
1006 4003 1146 4075 lucidae
1170 4005 1208 4074 in

209 4100 303 4172 Ursa
328 4102 489 4186 minore,
528 4101 744 4176 Saturninae
774 4120 858 4178 suut
884 4119 920 4177 et
946 4103 1114 4177 nonnihil
1139 4107 1209 4177 Ve-

210 4225 354 4276 nereae.
412 4205 543 4276 Stellae
565 4207 603 4276 in
631 4208 721 4278 Ursa
747 4211 905 4294 maiore,
931 4210 1089 4280 Martiae
1113 4222 1208 4282 sunt.

210 4305 285 4380 Sub
302 4304 415 4379 cauda
433 4304 539 4380 huius
554 4310 666 4380 Coma
682 4311 891 4396 Berenices,
918 4311 1073 4384 Lunaris
1089 4327 1123 4382 ct
1139 4313 1208 4382 Ve-

209 4433 319 4480 nerea
342 4425 406 4482 cst.
466 4411 652 4484 Draconis·
666 4416 789 4484 stellae
811 4415 1020 4499 lucidiores,
1046 4417 1209 4486 Saturni-

210 4536 302 4598 nae,
335 4513 491 4583 Martiae
515 4528 551 4584 et
573 4514 724 4589 loviales
746 4531 841 4588 sunt.
900 4514 1054 4609 Cephei,
1085 4519 1210 4588 Satur·

210 4616 320 4689 ninae
336 4629 373 4686 et
387 4615 551 4690 loviales.
603 4620 762 4705 Bootae,
789 4619 1020 4691 Mercuriales
1038 4633 1073 4690 et
1086 4622 1210 4692 Satur-

211 4719 333 4790 ninae.
386 4719 521 4791 Lucida
540 4733 575 4790 et
590 4723 719 4807 rutila,
750 4745 844 4817 quae
858 4735 1009 4795 vocatur
1022 4727 1210 4810 Arcturus,

211 4819 357 4894 Iavialis
374 4837 426 4894 est
446 4836 481 4894 et
496 4823 687 4897 Martialis.

290 5005 294 5014 .
318 4941 461 5014 Corona
478 4945 789 5035 septentrionalis,
816 4943 977 5017 Venerea
996 4959 1050 5017 est
1064 4961 1100 5017 ct
1114 4944 1211 5016 Mer·

213 5043 370 5118 curialis.
421 5045 678 5132 Geniculator,
704 5047 940 5122 Mercurialis.
1000 5049 1117 5144 Lyra,
1141 5044 1211 5118 Ve-

213 5171 324 5219 nerea
356 5159 409 5218 est
439 5161 476 5218 et
503 5147 740 5224 Mercurialis.
818 5151 990 5238 Gallina,
1036 5151 1211 5222 similiter.

215 5249 427 5342 Cassiopea,
465 5250 659 5324 Saturnine
680 5267 733 5326 est
754 5267 790 5325 et
810 5253 984 5328 Veneres.
1049 5255 1213 5340 Perseus,

214 5350 359 5426 lorialis
392 5366 428 5424 et
450 5355 678 5431 Saturninus.
745 5357 865 5454 Gyrus
894 5360 933 5430 in
954 5357 1082 5452 capulo
1108 5357 1213 5443 ensis,

214 5451 370 5530 Martius
392 5471 427 5528 et
442 5457 678 5534 Mercurialis.

763 249 888 335 Rem..
922 248 1037 323 MEL.
1070 246 1273 322 SClllP'l'A
1305 243 1646 321 PHILOLOGlCA.

193 445 364 515 corpore,
399 445 551 515 quarum
575 420 693 491 media
719 424 871 494 rutilans
893 437 928 493 et
949 421 1104 494 lucidior
1127 448 1191 493 vo-

2187 247 2240 324 24

1344 419 1388 490 In
1409 419 1544 514 Auriga
1566 421 1777 504 lucidiores,
1810 419 1964 490 Martiae
1988 435 2023 490 et
2041 421 2244 491 Mercuria-

1242 525 1304 594 les.
1364 524 1608 617 Serpeutarii,
1642 523 1859 594 Saturninae
1883 534 1966 593 sunt
1988 537 2024 593 et
2046 525 2242 595 Venereae.

1243 626 1397 718 Serpens
1427 651 1513 697 vero
1544 627 1640 719 ipse,
1680 627 1895 698 Saturninus
1927 639 1961 695 et
1991 625 2145 698 Martius
2177 640 2242 698 est.

1244 729 1400 820 Sagitta,
1425 727 1558 798 Martia
1578 743 1630 800 est
1647 743 1682 799 et
1694 723 1861 799 nonnihil
1876 727 2050 800 Venerea.
2096 729 2242 824 Aquila,

1244 831 1376 903 Martia
1394 845 1447 903 cst
1465 843 1501 902 et
1515 830 1670 903 lovialis.
1722 827 1943 924 Delphinus,
1969 832 2183 902 Saturninus
2207 844 2243 901 et

1244 935 1409 1006 Martius.
1468 932 1677 1006 Lucidiores
1694 936 1816 1004 stellae
1832 933 1945 1028 Equi,
1979 935 2134 1004 Martiae
2159 948 2244 1005 sunt

1245 1051 1280 1107 et
1291 1035 1534 1108 Mercuriales.
1567 1039 1811 1120 Andromede,
1837 1037 1999 1106 Venerea
2020 1051 2083 1108 est.
2124 1039 2244 1122 Delta,

1247 1139 1463 1210 Mercuriale
1487 1153 1550 1212 est.

1347 1239 1388 1310 ln
1402 1241 1551 1334 regione
1567 1241 1726 1313 australi.
1757 1239 1799 1310 lu
1814 1240 1927 1312 Piscis
1942 1241 2106 1312 australis
2123 1253 2243 1310 rostro

1246 1341 1363 1414 lucida
1388 1346 1511 1429 stella,
1547 1357 1600 1416 est
1625 1344 1785 1414 Venerea
1811 1357 1848 1412 et
1870 1343 2105 1426 Mercurialis.
2165 1343 2246 1414 Ceti

1246 1446 1387 1530 stellae,
1413 1447 1630 1518 Saturninae
1647 1460 1741 1518 sunt.
1792 1445 1941 1517 Orionis
1959 1443 2120 1528 humeri,
2147 1447 2247 1514 Mar-

1246 1548 1289 1618 tii
1305 1561 1341 1618 et
1354 1548 1598 1621 Mercuriales.
1650 1549 1824 1644 Reliquae
1850 1549 1925 1623 eius
1950 1551 2071 1620 stellae
2095 1549 2248 1618 lucidio-

1247 1675 1325 1735 res,
1364 1650 1516 1723 loviales
1539 1665 1623 1723 sunt
1648 1666 1684 1722 et
1706 1651 1933 1724 Saturninae.
2000 1651 2167 1721 Extrema
2192 1653 2248 1722 lu·

1248 1754 1326 1824 cida
1343 1753 1516 1840 Eridani,
1550 1753 1712 1836 lovialis;
1746 1767 1782 1824 et
1801 1755 1962 1849 reliquae
1985 1768 2068 1826 sunt
2084 1755 2249 1825 Saturni«

1249 1880 1328 1927 nae.
1380 1855 1517 1950 Lepus,
1544 1870 1595 1928 est
1611 1857 1848 1928 Mercurialis.
1901 1857 2027 1941 Canis,
2051 1857 2248 1929 Venereus.

1249 1958 1363 2032 Sirius
1380 1961 1417 2028 in
1436 1972 1555 2030 rostro
1572 1961 1731 2052 fulgens,
1757 1958 1900 2030 lovialis
1916 1974 1951 2028 et
1965 1957 2132 2030 nonnihil
2147 1961 2249 2030 Mar-

1250 2062 1331 2134 tius.
1382 2063 1498 2156 Hydri
1519 2063 1723 2146 lucidiores,
1749 2063 1965 2134 Saturninae
1981 2075 2065 2134 sunt
2082 2075 2117 2132 et
2131 2063 2250 2133 Vene-

1250 2187 1345 2236 reae.
1404 2165 1550 2250 Crater,
1583 2166 1766 2238 Venereus
1789 2177 1896 2236 estet
1917 2163 2085 2236 nonnihil
2106 2165 2251 2236 Mercu-

1251 2267 1361 2340 rialis.
1424 2269 1583 2352 Corvus,
1618 2268 1771 2340 Martius
1795 2281 1904 2338 estet
1929 2267 2155 2340 Saturninus.
2206 2265 2252 2336 In

1250 2371 1349 2464 Argo
1365 2372 1451 2440 navi
1466 2371 1679 2455 lucidiores,
1705 2371 1921 2441 Saturninae
1935 2385 1971 2440 et
1986 2371 2147 2444 loviales.
2207 2369 2252 2440 ln

1252 2473 1434 2544 Centauro
1448 2470 1606 2544 humana
1621 2476 1747 2565 ligura,
1774 2474 1935 2543 Vener-ea
1954 2489 1989 2544 et
2005 2473 2251 2554 Mercurialis;

1252 2577 1404 2672 equinae
1424 2578 1558 2668 figurae
1580 2577 1789 2660 lucidiores,
1828 2589 1911 2648 sunt
1931 2577 2115 2648 Venereae
2136 2590 2171 2647 et
2193 2577 2254 2648 lo-

1253 2680 1375 2749 viales.
1434 2678 1644 2751 Lucidiores
1659 2680 1697 2748 in
1713 2679 1838 2769 Lupo,
1865 2681 2081 2752 Saturninae
2106 2691 2189 2752 sunt
2216 2693 2256 2750 et

1253 2778 1420 2852 nonnihil
1436 2782 1601 2852 Martiae.
1652 2783 1746 2868 Ara,
1767 2781 1929 2851 Venerea
1948 2797 2000 2854 est
2026 2797 2062 2854 et
2084 2781 2256 2854 nonnihil

1254 2884 1461 2957 Saturnine.
1512 2881 1553 2952 ln
1569 2909 1703 2954 corona
1728 2885 1876 2956 australi
1895 2888 2105 2972 lucidiores,
2129 2888 2257 2958 Satur-

1254 2987 1362 3056 ninae
1379 3001 1415 3058 et
1430 2985 1674 3058 Mercuriales.

1316 3162 1372 3231 De
1396 3161 1483 3230 anui
1505 3158 1731 3248 temporibus,
1765 3168 1797 3228 el
1820 3167 1965 3254 quatuor
1990 3161 2193 3252 angulorum

1684 3271 1823 3332 auara.

1359 3401 1478 3491 Atque
1492 3390 1561 3467 hae
1577 3409 1661 3468 sunt
1680 3397 1864 3468 stellarum
1880 3399 2049 3491 propriae
2073 3400 2187 3486 vires,
2215 3415 2265 3472 ut

1259 3501 1476 3573 auctoribus
1492 3499 1701 3571 observatae
1722 3513 1817 3570 sunt.
1877 3499 2146 3576 Consideranda
2173 3518 2265 3575 suut

1258 3617 1378 3676 autem
1402 3617 1438 3673 et
1460 3603 1548 3672 anni
1572 3615 1753 3694 tempora:
1788 3628 1872 3689 ver,
1899 3617 2034 3691 aestas,
2062 3620 2264 3680 autumnus

1338 3731 1438 3778 rems.
1818 3761 1825 3768 .

1260 3705 1335 3779 eth
1361 3807 1403 3879 ln
1420 3831 1502 3876 vere
1519 3807 1678 3876 abundat
1699 3801 1914 3892 humiditas,
1943 3809 2032 3904 quia
2054 3812 2172 3882 soluto
2192 3813 2265 3882 fri·-

1260 3939 1346 4008 gore
1373 3909 1528 3981 diffundi
1544 3931 1606 3978 aer
1626 3909 1743 3979 calore
1763 3911 1900 4002 incipit.

1362 4015 1489 4085 Aestas
1504 4011 1655 4083 calidior
1671 4026 1742 4099 est,
1769 4015 1853 4108 quia
1871 4017 1933 4086 Sol
1947 4013 2097 4106 propius
2115 4016 2160 4085 ad
2177 4042 2265 4088 ver-

1263 4119 1368 4190 ticem
1385 4130 1550 4188 nostrum
1570 4116 1717 4186 accedit.

1362 4222 1568 4292 Autumnus
1588 4217 1715 4289 siccior
1735 4229 1806 4301 est,
1839 4217 1923 4312 quia
1947 4232 2096 4314 propter
2120 4219 2267 4296 aest'um

1261 4323 1495 4420 praeteritum
1514 4315 1703 4392 exhaustae
1719 4333 1802 4390 sunt
1818 4317 2060 4394 humiditates.

1363 4426 1486 4496 lliems
1501 4423 1667 4514 frigidior
1682 4437 1752 4506 est,
1784 4425 1866 4519 quia
1889 4438 1964 4495 turn
1989 4451 2008 4494 a
2033 4428 2165 4497 vertice
2188 4453 2265 4498 no-

1262 4543 1336 4602 stro
1352 4530 1414 4601 Sol
1430 4527 1636 4620 longissime
1652 4527 1772 4598 distat.

1365 4633 1596 4725 Quamquam
1620 4644 1739 4701 autem
1762 4627 1927 4720 Signiferi
1953 4631 2092 4701 nullum
2115 4645 2167 4702 est
2189 4633 2269 4702 ini-

1262 4723 1377 4820 tium,
1399 4761 1478 4806 curn
1494 4734 1540 4808 sit
1561 4731 1731 4820 circulus,
1758 4733 2019 4804 constituerunt
2040 4747 2161 4804 tamen
2184 4738 2272 4828 pri-

1263 4863 1361 4909 mum
1386 4839 1526 4931 signum
1549 4835 1726 4922 Arietem,
1759 4835 1891 4930 inquo
1914 4837 2180 4934 aequinoctium
2207 4856 2274 4913 est

1263 4965 1433 5011 vernum:
1460 4953 1501 5012 ut
1522 4935 1708 5010 humidam
1732 4939 1824 5010 veris
1848 4952 2014 5008 naturam
2039 4955 2214 5035 tanquam
2241 4967 2273 5014 a

1262 5043 1347 5113 vivo
1364 5044 1547 5114 animante
1566 5038 1797 5126 inchoarent,
1825 5043 1992 5135 deinceps
2016 5067 2271 5114 annumeran-

1264 5159 1316 5218 tes
1335 5146 1453 5243 aliqua
1477 5145 1565 5216 anni
1582 5158 1759 5238 tempora.
1817 5145 1948 5216 Omnia
1975 5147 2070 5216 enim
2097 5147 2274 5220 animan.

1263 5249 1313 5319 tia
1331 5251 1448 5342 prima
1465 5243 1601 5335 aetate,
1634 5252 1719 5319 dum
1744 5264 1866 5320 tenera
1889 5263 1972 5320 sunt
1994 5262 2030 5318 et
2050 5250 2195 5334 mollia,
2221 5267 2276 5324 ut

1264 5372 1346 5437 ver,
1373 5349 1526 5423 humore
1536 5355 1737 5424 abundant.
1788 5352 1929 5422 Deinde
1949 5353 2103 5424 secunda
2130 5339 2300 5442 aetate,'

1140 5499 1143 5510 ·
1266 5458 1380 5526 donec
1402 5470 1537 5528 ‘manet
1569 5459 1692 5550 vigor,
1735 5457 1849 5549 magis
1883 5455 2015 5527 calent:
2059 5468 2100 5528 ut
2135 5469 2275 5534 aestas.
