4662 5804
229 115 305 266 95'5
813 165 1687 245 ran.unc.scnnrarnnococ1ca
2193 173 2261 250 aa

280 363 356 434 Hel.
396 353 533 424 Graeca
564 369 655 419 sum.
719 341 813 413 Volo
842 341 950 414 etiam
984 343 1028 412 de
1056 353 1091 412 te
1118 340 1221 425 scire,
1322 341 1420 414 Men.
1453 339 1667 434 Magnitudo
1689 340 1886 427 malorum,
1925 369 2017 440 qnae
2038 345 2089 418 ihi
2110 351 2261 442 perpessi

644 445 800 542 quisuis.
1652 465 1793 528 sumus,
1819 451 2009 536 persuadet
2023 475 2100 533 me,
2126 465 2261 524 nontn.
2321 481 2322 524 t

283 567 381 638 Men.
404 555 495 626 Dico
511 565 544 622 te
560 549 718 620 Helenae
735 548 889 618 maxime
902 547 1056 619 similem
1073 568 1158 618 csse.
1275 541 1350 618 600
1376 547 1452 617 rtet.
1480 543 1560 617 Heu
1574 541 1685 630 mihi,
1707 569 1800 640 quae
1819 561 1871 620 est
1885 575 1943 621 me
1964 552 2167 626 infelicior?

232 667 308 742 570
333 664 407 738 Hei.
434 655 483 728 Et
506 679 571 748 ego
594 666 628 724 te
653 651 835 729 Menelao;
869 673 943 722 non
965 647 1103 734 haheo,
1136 647 1224 743 quid
1325 643 1535 718 Charissimi
1550 673 1607 718 me
1623 648 1851 746 relinquunt,
1876 677 1993 750 neque
2007 657 2134 726 redibo

638 754 755 825 dicam
772 754 881 824 alind.
1327 749 1383 819 Ad
1398 751 1572 834 Graecos,
1598 775 1715 846 neque
1732 751 1770 820 in
1789 755 1943 844 patriam
1961 783 2078 829 meam
2095 783 2262 853 unquam.
2321 747 2322 766 ¹

282 875 378 946 Mea.
412 865 521 934 Recte
555 857 716 950 agnoscis
748 855 987 928 miserrimum
1022 869 1123 927 tunm
1148 875 1224 922 ma·
1326 861 1421 927 Nun.
1456 853 1638 940 Menelae,
1672 877 1849 948 quaerens
1874 871 1927 942 te,
1962 861 2020 946 vir
2042 864 2192 932 csndem
2215 863 2264 932 in·

652 960 773 1032 ritum.
1691 957 1817 1040 venio,

283 1078 360 1150 Hei.
386 1070 421 1141 0
434 1089 514 1140 sero
536 1063 682 1136 veniens
700 1061 738 1131 in
756 1085 883 1134 manus
897 1061 1059 1154 coniugis
1080 1071 1174 1130 tuae.
1328 1058 1398 1129 Per
1416 1082 1560 1129 omnem
1581 1054 1673 1130 hanc
1688 1070 1822 1130 terram
1838 1060 2030 1136 barbaram
2045 1089 2189 1149 errsns,

286 1183 383 1254 Mea.
409 1171 535 1266 Qualis
557 1162 744 1255 coniugis?
781 1189 825 1234 ne
848 1165 1001 1256 attingas
1028 1185 1145 1234 meam
1167 1183 1225 1228 ve·
1279 1159 1354 1234 605
1382 1161 1511 1234 Missus
1532 1161 1673 1246 asucjis
1686 1163 1831 1234 relictis.

641 1280 743 1340 stem
1329 1265 1426 1338 Mea.
1453 1263 1551 1356 Quid
1564 1261 1642 1336 esti
1668 1289 1716 1334 an
1732 1264 1877 1356 spoliati
1892 1267 1974 1342 estis
1992 1267 2215 1342 abarbarisl

283 1385 359 1454 Hel.
387 1377 504 1471 Quam
523 1371 589 1443 tibi
600 1369 832 1464 Tyndareus,
858 1382 1094 1462 paternam,
1117 1363 1226 1437 dedit.
1329 1373 1422 1438 Nun.
1470 1365 1664 1451 Miranda,
1712 1391 1804 1460 quae
1835 1367 1975 1442 minora
2009 1387 2092 1444 sunt
2123 1373 2268 1443 nomine

233 1483 309 1558 575
333 1485 430 1556 Mes.
458 1477 640 1550 OHecate
654 1472 823 1556 lucifera,
848 1486 985 1564 spectra
1009 1469 1114 1541 nobis
1138 1469 1227 1538 offer
1689 1493 1799 1562 quam
1814 1492 1867 1542 re.

647 1575 754 1646 laeta.
1329 1574 1427 1643 Mese.
1453 1569 1541 1652 Dic,
1568 1571 1652 1664 quia
1673 1573 1790 1644 adfers
1814 1571 1950 1666 aliquid
1972 1575 2060 1644 nori
2084 1570 2155 1646 hac
2177 1577 2269 1650 solli-

284 1691 360 1762 net.
386 1684 471 1757 Non
489 1681 587 1752 vides
609 1701 666 1746 me
687 1687 902 1746 nocturnam
922 1677 1122 1750 ministram
1137 1675 1227 1748 Pro·
1252 1696 1255 1709 ·
1689 1675 1858 1747 citudine.

647 1778 824 1869 serpinae.
1252 1740 1255 1833 l
1329 1781 1424 1847 Nun.
1451 1774 1541 1845 Dico
1561 1788 1596 1845 te
1614 1776 1744 1846 trustra
1761 1790 1816 1848 tot
1831 1777 1972 1848 labores
1990 1780 2209 1852 sustinuisse.
2320 1737 2322 1814 l

284 1893 380 1966 Mea.
407 1886 456 1958 At
476 1895 570 1956 certe
593 1905 668 1950 non
690 1903 769 1952 sum
793 1879 943 1954 maritus
966 1883 1120 1954 duarum
1144 1905 1228 1952 con·
1252 1837 1255 1955 l
1281 1877 1356 1949 610
1381 1881 1479 1950 Men.
1505 1877 1604 1950 Dicis
1619 1879 1768 1973 antiqua
1785 1881 1898 1959 mala;
1923 1880 2012 1974 quid
2027 1883 2200 1956 nuntias?

647 1985 782 2074 iugum.
1330 1985 1425 2052 Noa.
1453 1979 1620 2050 Coniunx
1635 1995 1695 2052 tna
1711 1980 1863 2054 abiitad
1876 1983 2060 2054 volumina
2081 1986 2174 2056 coeli

284 2099 360 2170 Hel.
387 2091 496 2163 Cuius
509 2086 655 2160 alterius
670 2083 820 2156 thalami
836 2085 1004 2158 dominus
1020 2085 1082 2159 es?
1252 2105 1257 2128 ⁷
1331 2081 1464 2152 Levata
1479 2083 1650 2166 evanida,
1677 2096 1713 2152 et
1728 2087 1927 2158 occultatur
1941 2086 1979 2156 in
1994 2090 2116 2170 coelo,

284 2203 382 2272 Mea.
407 2194 511 2289 Quae
525 2191 563 2260 in
580 2213 688 2282 specu
704 2187 879 2258 occultata
897 2201 968 2272 est,
995 2201 1029 2260 et
1052 2213 1162 2284 quam
1187 2213 1228 2258 ex
1253 2202 1256 2216 '
1332 2183 1469 2254 Relicto
1495 2189 1699 2256 venerando
1722 2186 1784 2256 illo
1810 2199 1937 2272 antro,
1968 2191 2030 2262 ubi
2053 2215 2135 2262 eam
2158 2213 2268 2262 serva·

651 2291 763 2360 Troia
782 2291 872 2362 sero.
1686 2289 1833 2374 bamus,

236 2403 311 2478 580
337 2403 413 2472 net.
441 2398 524 2471 Non
539 2393 649 2467 hahes
665 2393 773 2464 aliam
791 2413 940 2464 uxorem
956 2407 1100 2485 praeter
1114 2417 1182 2465 me.
1331 2389 1526 2484 Postquam
1543 2403 1683 2460 tantum
1698 2391 1805 2461 dixit:
1832 2392 1866 2462 Ο
1881 2395 2002 2466 miseri
2017 2393 2179 2490 Phryges
2321 2387 2322 2464 l

285 2507 383 2581 Mers.
409 2501 513 2574 Certe
528 2525 608 2574 snm
625 2521 752 2576 sauus;
777 2499 840 2568 sed
856 2495 949 2566 oculi
966 2498 1036 2568 mei
1051 2509 1184 2570 emant.
1283 2487 1357 2565 615
1382 2491 1429 2562 Et
1445 2516 1568 2564 omnes
1584 2493 1732 2578 Graeci,
1757 2508 1905 2588 propter
1919 2523 1976 2568 me
1992 2501 2037 2570 ad
2052 2495 2261 2572 Scamandri
2321 2511 2322 2560 1

286 2610 362 2683 Hei.
397 2604 455 2674 An
477 2629 551 2674 non
582 2600 715 2672 videris
749 2599 869 2670 videre
899 2611 999 2670 tuam
1029 2600 1230 2694 coniugem,
1332 2593 1447 2664 isitius
1463 2595 1554 2666 dolis
1570 2594 1717 2668 lunonis
1732 2597 1815 2668 estis
1832 2601 1985 2684 mortui,
2321 2671 2322 2678 ,

329 2791 336 2798 .
644 2727 725 2774 cum
739 2699 934 2772 merides?
1333 2697 1505 2768 Putantes
1520 2697 1688 2770 Paridem
1704 2695 1838 2771 habere
1854 2700 2049 2786 Helenam,
2075 2727 2185 2797 qnam
2203 2725 2271 2772 non

287 2817 385 2887 Mers.
409 2809 551 2900 Corpus
568 2805 766 2883 estsimile;
792 2805 861 2900 'ped
884 2805 1118 2898 perspicuitas
1141 2799 1231 2874 mihi
1691 2796 1827 2872 habuit.

647 2909 756 2978 deest.
1256 2902 1259 2969 l
1335 2900 1431 2992 Ego,
1457 2914 1648 2995 postquam
1665 2915 1765 2972 tanto
1786 2916 1949 2994 tempore
1973 2903 2109 2988 mansi,
2141 2919 2271 3000 quanto

289 3019 364 3090 rtet.
391 3015 609 3098 Considera,
636 3009 724 3104 qnid
747 3004 839 3078 desit
861 3005 952 3080 tibi?
986 3009 1066 3106 quis
1089 3021 1124 3080 te
1146 3033 1232 3103 pru·
1257 3006 1259 3029 '
1691 3029 1749 3077 me
1767 3029 1914 3076 manere
1930 3007 2112 3098 opoctuit,

655 3111 799 3184 dentior
820 3107 896 3182 est?
1257 3072 1260 3179 l
1335 3106 1490 3178 Servaus
1504 3106 1721 3180 destinatum
1736 3108 1967 3199 ietitempus,
1992 3112 2037 3180 ad
2058 3133 2194 3196 aerem,
2219 3137 2273 3205 pa·
2320 3153 2321 3172 κ

240 3223 315 3300 585
341 3229 439 3300 Mea.
461 3217 595 3291 Similis
613 3239 669 3300 es,
695 3212 764 3284 hoc
780 3236 853 3283 non
871 3237 1014 3305 possum
1033 3235 1175 3305 negare.
1202 3279 1209 3290 ,
1694 3223 1784 3282 trem
1802 3235 1957 3294 meum„

289 3330 367 3403 Hei.
395 3324 469 3420 Qui
483 3323 572 3394 alius
588 3333 622 3390 te
638 3317 800 3400 docebit,
826 3314 896 3386 nisi
914 3315 1008 3388 oculi
1024 3315 1101 3385 tui?
1286 3311 1362 3386 620
1388 3308 1509 3391 Abeo;
1537 3311 1664 3384 misera
1684 3315 1753 3382 lilia
1774 3313 1938 3412 Tyndari
1950 3315 2085 3384 samem

291 3435 388 3504 Mea.
414 3425 527 3508 lllud,
553 3423 651 3517 quod
665 3416 782 3489 habeo
798 3418 905 3486 aliam
919 3439 1081 3488 uxorem.
1338 3411 1470 3481 Malam
1487 3414 1617 3482 frustra
1634 3416 1791 3498 audivit,
1818 3441 1898 3486 cnm
1915 3429 2005 3488 esset
2019 3417 2095 3487 sine
2110 3419 2229 3512 culpa.

293 3534 370 3604 rtet.
401 3526 479 3619 Ego
504 3549 579 3594 non
602 3521 686 3592 veni
711 3520 749 3589 in
770 3530 904 3588 terram
920 3518 1141 3603 Troianam,
1174 3520 1234 3591 sed
1337 3513 1372 3583 Ο
1387 3514 1457 3584 iilia
1472 3512 1613 3599 Ledae,
1638 3517 1755 3600 salve,
1785 3513 1845 3589 hic
1860 3543 1940 3590 eras
1955 3515 2089 3611 igiturt

656 3633 734 3692 erat
745 3616 1014 3692 simulachrum.
1335 3615 1412 3708 Ego
1428 3630 1481 3702 te,
1507 3630 1678 3712 tanquam
1698 3619 1842 3692 obiisses
1857 3621 1895 3690 in
1911 3645 2067 3694 secessus
2084 3635 2275 3705 astrorum,

293 3740 390 3810 Men.
415 3730 506 3826 Quis
521 3739 637 3820 potest
652 3726 767 3796 lacere
785 3747 936 3816 corpora
954 3720 1138 3793 videntia?
1338 3719 1556 3792 Nuntiaham
1575 3722 1766 3812 ignorans,
1793 3725 1890 3816 quod
1906 3725 2051 3796 volatile

243 3839 319 3914 500
344 3840 421 3912 net.
448 3829 602 3916 Aether,
627 3831 723 3900 unde
748 3839 788 3898 tu
809 3824 918 3900 habes
937 3827 1123 3917 coniugem
1146 3823 1235 3894 divi·
1287 3818 1362 3896 625
1390 3823 1529 3914 Corpus
1543 3820 1709 3904 hebereos
1735 3849 1809 3896 non
1826 3828 1906 3898 sino
1923 3839 1957 3897 te
1971 3827 2142 3900 lacessere

653 3932 749 4002 nitus
773 3931 915 4002 iactam.
962 4005 966 4014 ,
1338 3925 1475 3998 Rursus
1489 3927 1585 3998 falsis
1598 3927 1718 4010 dictis,
1744 3928 1828 4020 quia
1846 3928 1883 3997 in
1899 3927 1965 4000 llio
1979 3931 2064 4002 satis

294 4047 392 4119 Meas.
418 4039 510 4134 Quis
523 4037 621 4109 Deus
637 4032 763 4106 linxit?
788 4034 876 4106 dicis
893 4035 1084 4125 insperate.
1209 4058 1213 4066 ·
1339 4027 1522 4099 Laborum
1542 4042 1687 4100 tuorum
1705 4042 1768 4098 tuo
1791 4029 1923 4102 marito
1946 4044 1981 4102 et
2003 4033 2204 4104 auxiliariis
2225 4059 2275 4103 ex-

293 4149 370 4219 Hel.
394 4141 542 4216 lunonis
562 4136 779 4232 permutatio
802 4149 873 4218 est,
907 4159 952 4204 ne
969 4135 1072 4204 Paris
1094 4155 1151 4202 me
1172 4155 1236 4224 po·
1699 4127 1858 4204 hibuisti.
2319 4121 2320 4210 l

651 4239 791 4309 tiretur.
1339 4231 1437 4303 Mea.
1463 4230 1541 4300 Hoc
1556 4246 1608 4304 est
1623 4234 1729 4313 illud3
1757 4235 1975 4306 conveniunt
1988 4261 2172 4310 sermones
2319 4213 2320 4248 l

295 4353 393 4424 Mers.
419 4347 613 4438 Quomodo
632 4338 692 4415 hic
707 4364 786 4410 eras
799 4351 834 4410 et
849 4337 956 4410 simul
971 4339 1008 4408 in
1024 4335 1161 4408 Troia?
1336 4332 1451 4404 Huius
1467 4333 1611 4429 νεῖμ’).
1658 4335 1693 4406 Ο
1707 4349 1868 4428 optatam
1884 4339 2000 4422 diem,

296 4455 371 4526 net.
407 4450 548 4522 Nomen
572 4456 689 4538 potest
710 4445 749 4510 in
773 4442 894 4512 multis
926 4441 1013 4512 locis
1044 4464 1135 4526 esse,
1177 4440 1238 4508 sed
1289 4436 1365 4507 580
1396 4435 1546 4529 Quia⁴⁹)
1576 4439 1675 4510 dedit
1704 4440 1863 4531 accipere
1897 4441 1936 4513 in
1966 4465 2045 4512 mea
2074 4439 2223 4514 bradeia
2249 4457 2278 4512 te

658 4568 787 4636 corpus
801 4568 887 4614 non.
1702 4567 1818 4611 meam
1840 4567 2001 4614 uxorem.

247 4655 322 4732 595
347 4658 444 4732 Mese.
479 4650 629 4738 Dimitte
651 4672 729 4728 me;
763 4647 847 4718 veni
870 4647 954 4718 satis
977 4641 1112 4714 hahens
1135 4640 1237 4714 misc·
1340 4643 1416 4712 Hel.
1442 4636 1894 4728 OcharissimeMenelae,
1920 4659 2061 4738 tempus

656 4752 806 4822 riarum,
1338 4740 1505 4834 Longum
1523 4757 1593 4827 est,
1620 4747 1681 4814 sed
1697 4748 1862 4839 voluptas
1880 4748 2018 4839 integra
2038 4753 2151 4822 adest.

298 4863 374 4936 Hel.
405 4859 601 4954 Relinques
623 4879 701 4939 me,
735 4865 770 4922 et
795 4853 947 4921 abduces
972 4848 1071 4916 illam
1092 4847 1237 4914 inanem

654 4958 712 5027 vel
729 4951 970 5046 fictitiamffl)
990 4946 1165 5020 uxorem?

297 5069 393 5139 Mt·
420 5063 527 5146 Μ’
553 5061 637 5154 ‘1⁰⁵³
653 5059 778 5130 ⁸¹¹⁰³¹5⁵
796 5083 831 5128 ⁸⁵
848 5055 1017 5125 ¹¹⁰¹²¹¹³²·
1325 5033 1637 5166 “liaustu
1650 5036 1734 5156 tat.
1748 5037 2275 5166 :attathtssffttatttf

298 5172 372 5242 rtet.
393 5167 501 5248 Perii,
521 5161 871 5241 tenaciamaritum,
888 5151 1267 5295 tamennonhaheo.N
1360 5165 1517 5288 {isspfflm
1549 5172 1629 5221 tutus
1653 5175 1824 5239 Παεεαιῃς
1858 5177 1908 5228 nr.
1927 5178 2001 5228 rese.
2026 5192 2170 5234 sermones
2196 5186 2273 5235 nun·
2318 5251 2319 5256 ἵ

246 5325 451 5344 '‘⁸''-
1325 5321 1375 5380 ετ)
1395 5322 1750 5391 admuntense,
1777 5327 1853 5384 tosa.
1876 5330 1923 5396 (=
1942 5331 1991 5382 na.
2011 5335 2096 5388 nasu.
2116 5337 2191 5388 taos.
2207 5333 2271 5402 ‘nep

284 5401 355 5465 sot)
374 5397 510 5457 retectam]
528 5398 568 5446 stc
587 5400 683 5456 uerna
707 5393 792 5445 nasce.
811 5391 905 5454 asos„
927 5391 1002 5440 coos.
1023 5389 1166 5441 uectum.
1360 5391 1447 5446 natu.
1468 5397 1586 5444 smne:
1607 5388 1646 5445 'n
1661 5393 1694 5446 r*
1710 5419 1746 5434 -
1764 5399 1840 5458 osse
1858 5405 1886 5450 ss
